2986 5048
303 276 365 340 190
636 283 789 341 Mortua
809 285 862 340 DE
883 285 958 352 HIS,
980 286 1072 351 QUAE
1261 279 1333 355 [Lm.
1347 286 1403 341 111.

302 459 340 519 ut
359 450 490 538 justitiae
515 458 622 540 partes
646 458 765 519 statuat
786 474 850 518 non
874 451 992 519 violare
1016 448 1167 529 homines,
1190 451 1405 518 ¹rerecnndiae

303 573 367 617 non
383 552 550 619 offendere.

379 654 401 716 3
437 653 515 718 Cum
532 675 569 718 eo
586 672 678 739 quem
694 673 734 717 ex
752 652 870 719 Seneca
886 651 1073 719 adduximus
1085 672 1177 720 versu
1193 651 1275 717 bene
1292 673 1406 718 conve-

140 768 292 861 Qifflffl’
304 749 352 816 nit
368 749 483 818 dictum
500 751 638 839 ejusdem
654 751 687 816 in
703 750 825 839 scriptis
840 751 1077 839 philosophicis:
1104 754 1236 832 ‘Quom
1260 766 1406 838 auqucta

304 853 489 917 innocentio
501 864 547 917 eet
560 855 607 917 od
623 854 721 938 leyem
737 853 853 918 bouum
868 853 962 918 ecee?
977 864 1099 938 quarto
1112 853 1214 918 lartiue
1228 854 1405 936 officiorum

299 963 396 1036 patet
419 973 518 1036 quam
530 952 622 1036 jurio
646 952 790 1036 requio?
814 974 914 1037 quom
933 954 1040 1017 multo
1054 953 1176 1038 pietat,
1201 952 1403 1028 humanitus,

305 1051 502 1129 liberalitas,
508 1051 658 1134 justitio,
665 1053 749 1134 fidee
761 1052 921 1136 eoiquut?
936 1074 1007 1134 quoe
1019 1053 1130 1116 omnio
1142 1063 1237 1116 ectro
1244 1052 1405 1137 publicae

308 1150 439 1215 tabulae
455 1163 540 1215 euut.
591 1149 656 1215 Ubi
676 1149 763 1215 rides
779 1148 831 1235 jus
848 1149 1002 1236 ajustitia
1018 1149 1176 1237 distingui,
1195 1149 1269 1235 quia
1282 1149 1335 1235 jus
1350 1172 1405 1215 ao-

143 1258 270 1344 kalg,
307 1247 382 1336 cipit
398 1247 440 1326 id,
458 1249 540 1335 quod
557 1248 589 1314 in
601 1247 726 1335 judiciis
742 1247 880 1314 externis
897 1248 993 1336 riget.
1026 1247 1115 1314 Idem
1132 1247 1165 1313 id
1179 1247 1253 1313 alibi
1268 1247 1405 1335 explicat

199 1333 205 1344 ’
307 1347 434 1435 egregie
449 1348 590 1435 exemplo
603 1347 684 1434 juris
700 1347 806 1414 herilis
821 1347 852 1412 in
869 1370 994 1414 servos:
1020 1350 1063 1413 Iu
1077 1348 1242 1433 mancipio
1258 1351 1405 1433 copitou-

307 1450 387 1512 dum
402 1460 459 1524 eet,
476 1470 540 1512 uon
559 1460 724 1534 quantum
738 1449 827 1513 illud
842 1451 973 1534 impune
981 1450 1062 1534 poti
1070 1449 1201 1534 poesin
1228 1450 1285 1513 sed
1298 1469 1404 1535 quou-

308 1559 379 1612 tum
397 1548 458 1611 tibi
474 1550 647 1634 permittat
662 1549 748 1633 equi
763 1548 896 1631 bonique
913 1555 1047 1623 notura,
1064 1569 1138 1630 quea
1150 1567 1286 1631 parcere
1302 1551 1404 1611 etiam

307 1647 449 1732 captivis
474 1659 505 1712 et
521 1648 630 1732 pretio
647 1649 785 1732 paratis
798 1647 899 1731 judee
950 1645 1091 1712 Deinde:
1114 1668 1188 1711 eum
1212 1647 1247 1710 iu
1272 1636 1402 1710 seruum

306 1748 418 1811 omuio
435 1747 564 1826 liceant,
582 1759 628 1813 eet
644 1748 775 1830 aliquid
797 1748 882 1833 quod
903 1748 940 1812 iu
955 1747 1114 1812 homiuem
1131 1747 1225 1811 licere
1240 1765 1404 1810 commuue

299 1847 358 1929 jue
374 1848 594 1912 animantium
603 1859 704 1913 vetet:
721 1867 783 1932 quo
799 1846 833 1910 in
848 1846 915 1911 loco
932 1845 1071 1910 notanda
1083 1843 1195 1910 iterum
1208 1842 1292 1912 vocis
1307 1845 1405 1910 licere

306 1943 432 2011 diversa
448 1945 595 2032 acceptio,
614 1945 714 2011 altera
729 1945 875 2021 exterior,
893 1944 993 2011 ultera
1012 1943 1151 2014 interior.

144 2058 296 2099 umen.
383 2044 426 2109 Il.
468 2047 486 2109 1
522 2044 665 2110 Eundem
683 2044 779 2110 habet
795 2066 918 2110 sensnm
934 2043 989 2109 illa
1005 2042 1145 2109 Marcelli
1159 2041 1192 2107 in
1208 2049 1321 2108 senatu
1337 2043 1405 2107 Ro-

307 2163 398 2208 mano
424 2141 595 2209 distinctio:
628 2166 692 2208 nou
723 2145 808 2229 quid
834 2166 889 2229 epo
907 2145 1049 2228 fecerim
1074 2146 1112 2209 iu
1139 2143 1404 2229 dehqurhitionem

306 2245 402 2317 veuit,
420 2264 515 2324 quem
530 2243 693 2325 quicquid
707 2244 744 2306 in
760 2244 907 2309 iactibus
918 2244 992 2328 feci
1000 2246 1063 2325 jue
1080 2243 1156 2308 delli
1176 2242 1328 2327 defendit,
1345 2243 1404 2307 red

307 2342 392 2427 quid
416 2342 476 2406 icti
493 2343 574 2426 poti
598 2342 790 2407 debuerint:
815 2362 855 2406 ex
874 2363 963 2428 aequo
984 2350 1017 2407 et
1038 2343 1118 2408 bono
1137 2341 1260 2407 scilicet.
1313 2339 1405 2405 ldem

205 2480 211 2494 ·
307 2438 472 2504 discrimen
494 2438 677 2506 Aristoteles
702 2439 812 2519 innuit,
839 2440 1010 2527 disputans,
1036 2462 1077 2506 an
1098 2440 1185 2527 justa
1206 2438 1339 2507 dicende
1363 2439 1405 2504 sit

307 2560 378 2624 quse
395 2561 433 2604 cx
451 2538 532 2604 bello
549 2539 649 2605 oritur
664 2539 817 2605 servitus:
847 2538 930 2613 ὅλως
951 2534 977 2608 δ’
1000 2536 1220 2634 ἀντεχόμενοί
1246 2568 1341 2620 τινες,
1363 2535 1404 2607 uic

307 2637 443 2717 οἴονται,
464 2631 585 2708 deroiov
607 2635 710 2713 ‘raude'
736 2635 772 2726 (o‘
795 2637 867 2735 'peip
894 2636 989 2720 νόμος
1010 2632 1200 2725 diuortium)
1225 2637 1291 2720 τήν
1313 2634 1403 2706 rard

351 2816 359 2845 ¹
375 2815 413 2863 Ac
423 2830 479 2863 vero
488 2816 639 2864 verecundia
647 2816 701 2863 heic
711 2821 748 2864 est
756 2816 832 2863 virtus
880 2818 996 2863 terionem
1005 2816 1058 2863 Lib.
1070 2829 1110 2863 111.
1122 2830 1143 2862 c.
1153 2815 1176 2864 6.
1202 2815 1262 2863 Sunt
1271 2815 1332 2862 ertia
1341 2830 1405 2876 qreae·

306 2892 415 2952 quaedum
426 2892 607 2952 singularismt
617 2896 642 2938 et
652 2892 733 2938 Pudor
742 2892 767 2937 in
778 2905 831 2938 rer·
880 2893 935 2939 doru
955 2907 1001 2938 uon
1020 2891 1155 2938 laudabilia
1174 2896 1273 2949 natura,
1291 2891 1333 2938 red
1356 2892 1406 2952 teqc

271 3015 275 3023 ,
305 2966 343 3012 his
353 2967 422 3012 Pauli
432 2966 605 3013 iurisconsulti
615 2957 711 3026 proprie
721 2967 830 3013 sumitur.
880 2981 996 3024 concerta,
1015 2966 1086 3012 utin
1105 2978 1154 3012 ιιι.
1175 2966 1270 3023 tabuiis,
1291 2966 1407 3013 debitoris

305 3039 334 3087 J.
345 3042 379 3087 B.
880 3043 1031 3103 eorpueiuter
1036 3042 1162 3088 crudum
1168 3040 1327 3099 dieidile'cuit,
1335 3055 1407 3102 quon

349 3115 831 3175 ⁸erarucerrqrretuirrrtocerrtiuestudle·
880 3117 951 3178 leqem
966 3131 1015 3163 moe
1022 3117 1134 3177 publicus
1146 3115 1289 3177 repudiauit.
1320 3117 1406 3164 Cicero

305 3203 356 3249 ocra
382 3189 465 3234 bonum
489 3189 570 3248 arei]
592 3190 660 3235 Idem
687 3191 778 3236 Seneca
803 3192 831 3238 de
880 3193 1014 3255 deOfficiic
1023 3193 1085 3238 libro
1095 3205 1136 3238 111.
1155 3191 1234 3237 Aliter
1249 3191 1319 3252 ieqee,
1333 3193 1408 3238 aliter

304 3263 432 3322 Beneficiis
441 3276 465 3310 v.
477 3266 515 3310 21.
544 3265 626 3311 Multo
641 3265 712 3325 leqem
725 3280 771 3312 nou
786 3267 831 3313 ho-
875 3268 1014 3326 philosophi
1028 3267 1112 3313 tollunt
1126 3266 1243 3312 modios:
1261 3265 1330 3325 leoco,
1345 3280 1406 3326 quo-

305 3339 365 3394 tent,
383 3351 424 3384 uec
439 3340 559 3396 actionem,
575 3339 610 3384 od
624 3354 677 3399 quoe
692 3342 831 3387 cousuetudo
880 3349 945 3390 tenue
959 3347 1118 3389 manutenere
1129 3346 1245 3401 possunt:
1256 3340 1407 3401 philocoplri,

305 3412 358 3459 rite
378 3413 482 3460 humore
504 3414 554 3475 laepe
572 3414 635 3460 omui
654 3414 770 3462 caunum
789 3417 832 3462 dat
880 3424 993 3479 quatem
1008 3417 1133 3464 rationeet
1146 3415 1309 3475 irteuiontio.
1330 3415 1407 3476 (Cap.

306 3487 403 3537 aditura
415 3489 576 3547 Quintilianus
582 3490 757 3538 Institutionum
768 3491 832 3539 Oro·
880 3492 929 3552 l'l.)

360 3742 377 3791 a
399 3736 438 3792 So
451 3739 560 3794 Seneca
571 3755 649 3811 seyne
662 3742 735 3796 How
746 3743 825 3796 muci
836 3743 919 3796 wider
929 3741 954 3796 ie
965 3741 1032 3812 duty
1043 3740 1109 3793 tirou
1120 3738 1194 3792 low!
1207 3735 1264 3791 end
1275 3735 1325 3792 the
1335 3736 1404 3793 like.

306 3822 327 3877 J
327 3822 414 3876 ustioe
425 3823 448 3876 is
461 3823 663 3893 distinguished
677 3826 751 3879 from
759 3830 817 3898 jue,
830 3827 897 3891 larr3
911 3827 956 3881 sor
963 3828 1011 3899 jus
1023 3826 1046 3880 is
1058 3824 1133 3878 what
1144 3822 1226 3878 holds
1236 3823 1267 3876 in
1279 3823 1408 3878 external

303 3906 475 3977 judgmente.
511 3907 575 3961 And
592 3909 752 3976 elsewhere,
773 3911 810 3966 he
833 3912 958 3980 explains
978 3911 1034 3967 this
1057 3911 1095 3982 by
1113 3909 1163 3965 the
1186 3907 1315 3980 example
1335 3908 1369 3962 of
1388 3926 1408 3965 a

306 3992 432 4047 mesters
444 3991 520 4064 right
533 4008 602 4047 orer
617 3994 661 4049 his
672 4003 806 4051 servants.
842 3997 891 4052 We
905 4015 953 4052 are
964 4005 1011 4051 ποι
1022 4007 1048 4051 to
1060 3996 1179 4051 eomider
1190 3995 1263 4048 witot
1274 4011 1330 4065 you
1341 4011 1407 4065 moy

307 4080 350 4144 do,
361 4080 407 4134 hut
418 4080 490 4132 wiot
501 4079 524 4147 ie
538 4080 661 4149 required
671 4084 705 4154 by
713 4084 809 4156 jeutice
821 4085 880 4138 oud
888 4085 1021 4155 soimers,
1035 4083 1119 4136 which
1130 4080 1235 4152 require
1245 4097 1278 4134 ur
1289 4089 1315 4133 to
1326 4096 1408 4149 apere

306 4182 367 4220 eeeu
385 4166 498 4236 captivet
515 4166 573 4219 oud
589 4166 679 4223 sleuea
717 4168 782 4223 hnd
797 4171 893 4241 again:
914 4169 1024 4240 ttouot
1037 4167 1187 4240 evuutttuy
1207 4166 1230 4220 ie
1249 4165 1349 4235 lowsul
1366 4173 1407 4219 to·

306 4253 398 4306 warde
409 4270 427 4305 o
438 4252 517 4316 cloec,
531 4253 600 4307 there
610 4271 658 4309 ore
669 4256 757 4327 thiopc
768 4256 853 4309 which
866 4272 986 4310 commeo
997 4254 1139 4324 humouity
1150 4251 1265 4307 deehrer
1279 4258 1326 4305 uot
1337 4258 1362 4304 to
1377 4251 1407 4305 ho

308 4335 412 4409 locofid.
444 4337 569 4392 whence
586 4345 652 4394 note
667 4340 717 4395 tho
734 4347 789 4396 two
807 4340 939 4397 different
953 4356 1016 4396 uses
1039 4339 1072 4396 of
1091 4337 1198 4413 iowjiei,
1216 4336 1355 4407 referring
1374 4340 1407 4391 to

306 4420 432 4474 external
444 4422 501 4474 and
516 4428 546 4476 to
558 4423 680 4477 internal
690 4425 801 4493 justice.
