2986 5048
103 301 178 358 Ocu.
191 299 301 369 xvl1.]
345 303 397 356 DE
420 304 495 368 ms,
517 303 586 369 QUI
608 303 651 357 IN
673 302 798 358 BELLO
820 303 936 358 MEDII
958 305 1069 361 SUNT.
1155 297 1218 361 295

109 469 261 544 πολεμεῖ,
290 460 350 555 κᾷν
375 461 475 547 μήπω
510 464 628 562 βάλλῃ
655 460 733 549 μηδὲ
763 462 891 565 τοξεύῃ·
925 471 982 556 qui
1007 492 1046 536 ea
1059 473 1153 553 fucit
1186 483 1217 538 et

108 568 323 631 machinatur
338 568 454 648 quibus
471 589 526 651 epo
549 570 626 653 copi
643 569 779 651 possim,
797 570 928 633 etiamsi
948 591 1006 634 nec
1018 571 1138 654 feriat,
1157 593 1216 637 nec

100 667 256 749 jaculum
281 667 421 742 emittat,
447 667 550 731 doctis
573 667 657 731 milti
677 678 732 731 cet.
783 667 829 731 M.
847 665 963 731 Acilius
986 667 1133 753 Epirotis,
1160 669 1357 765 quipv-mo

107 764 205 829 milite
222 763 411 828 Antiochum
432 785 495 828 non
507 762 668 849 juverunt,
693 763 749 829 scd
770 764 931 851 pecuniam
955 764 984 829 ei
1001 765 1118 833 misisse
1138 765 1213 833 insi·
1251 755 1256 766 ⁹

107 862 317 938 molebantur,
340 862 469 949 negavit
493 863 572 928 sciro
596 885 631 927 se
653 861 788 927 hostium
811 884 853 928 en
875 873 1055 950 pacatorum
1081 888 1210 931 numero

107 982 161 1026 eos
183 961 302 1026 habere
318 960 457 1026 deberet
504 962 541 1026 L.
559 961 705 1026 AEmilius
729 963 852 1027 Proelor
869 962 961 1029 Teios
984 962 1100 1051 arguit,
1126 964 1209 1049 quod
1222 967 1376 1052 peronzan

107 1068 279 1125 commeatu
299 1059 426 1124 classem
442 1059 576 1124 hostium
589 1059 753 1146 juvissent,
776 1060 881 1126 vinum
898 1062 1129 1148 promisissent:
1154 1062 1210 1129 ud-

106 1159 192 1235 dens,
218 1159 251 1222 ni
274 1158 384 1223 sudem
409 1160 561 1223 Romnum
585 1158 674 1224 clossi
699 1159 820 1235 durent,
846 1181 880 1225 sc
907 1181 965 1246 pro
991 1160 1131 1228 hostibus
1155 1183 1209 1227 eos
1256 1197 1260 1204 ·

105 1256 295 1324 habiturum.
348 1259 543 1323 Memoratur
559 1265 592 1322 et
610 1257 743 1323 cessaris
758 1258 893 1346 Augusti
910 1259 1025 1324 dictum
1040 1284 1048 1325 :
1073 1253 1207 1331 ἔκσπον-
1220 1262 1347 1355 illim·

106 1349 160 1425 dor
188 1351 288 1425 πόλιν
314 1357 404 1432 εἶναι,
432 1350 592 1433 πολέμιον
618 1349 764 1448 ἔχουσαν
796 1352 874 1450 παρ’
905 1352 1002 1453 αὐτῇ·
1026 1361 1127 1443 paolo
1147 1356 1324 1442 jucl'·¹⁰¹¹²

106 1457 256 1521 amittere
272 1458 445 1532 ciuitatem,
461 1479 533 1541 quoe
548 1457 667 1521 hostem
683 1458 833 1541 recipiat.

174 1557 195 1618 3
225 1553 372 1620 Proderit
389 1553 484 1620 eliam
500 1575 568 1619 cum
586 1563 719 1639 utroque
737 1562 828 1640 perte
839 1554 954 1621 bellum
970 1563 1101 1642 gerente
1116 1554 1208 1623 ledus

105 1650 243 1730 miscere,
261 1654 307 1719 ito
323 1661 359 1718 ut
371 1675 441 1718 cum
457 1653 618 1738 utriusque
635 1653 717 1718 bono
728 1652 889 1719 voluntate
906 1674 926 1717 u
943 1654 1022 1718 bello
1039 1654 1205 1731 obstinere,

105 1760 139 1816 et
155 1752 328 1818 communie
341 1751 542 1819 humanitatis
554 1749 652 1816 officis
664 1750 803 1837 utrisque
818 1752 967 1817 exhibere
983 1751 1083 1817 liccat.
1112 1753 1207 1839 Apud

107 1848 230 1916 Livium
248 1860 315 1918 est:
334 1875 449 1937 pacem
464 1854 594 1934 otioque
604 1853 711 1936 porti,
729 1853 816 1937 quod
830 1853 953 1917 medios
968 1853 1056 1917 decet
1072 1854 1204 1930 amicos,
1219 1859 1369 1902 Hemod-

105 1959 235 2033 optent:
260 1951 339 2016 dello
361 1975 394 2018 cc
414 1973 478 2016 non
499 1953 720 2035 interponant.
772 1949 978 2015 Archidamus
1004 1949 1128 2037 Spartco
1148 1973 1206 2017 rex

104 2048 198 2128 Illeis,
217 2071 287 2115 cum
304 2049 486 2115 viderentur
507 2048 541 2114 in
561 2048 718 2113 Arcadum
735 2058 842 2135 partes
863 2048 1021 2126 inclinare,
1044 2049 1204 2136 epistolam
1219 2063 1364 2150 Plgrsocroro

103 2147 226 2236 scripsit
247 2149 306 2214 hoc
331 2157 453 2215 tuntum
478 2147 704 2214 continentem:
733 2144 836 2217 καλὸν
861 2143 992 2242 ἡσυχία·
1020 2149 1136 2215 bouum
1159 2120 1239 2217 cstp'
1291 2120 1314 2152 ⁴'

103 2269 270 2333 quiescere.

157 2481 173 2531 3
191 2477 219 2532 It
233 2494 298 2550 moy
311 2479 348 2535 be
363 2481 396 2535 of
407 2498 457 2537 uso
472 2481 517 2537 for
531 2482 670 2537 cneutrnl
684 2487 768 2554 party
781 2488 812 2537 to
826 2482 909 2537 malo
923 2498 941 2535 n
955 2481 1123 2536 conventior
1137 2479 1205 2535 with

105 2560 175 2617 cuch
186 2564 220 2617 of
232 2563 280 2619 tho
290 2564 487 2638 belligerents3
502 2584 532 2622 so
544 2567 607 2622 that
622 2570 645 2623 it
659 2585 724 2640 may
738 2569 775 2623 bc
792 2567 909 2622 allowed
922 2567 987 2621 with
1000 2566 1049 2622 the
1063 2566 1137 2637 good
1148 2566 1204 2620 will

104 2648 138 2703 oi
149 2648 227 2713 both,
238 2655 268 2704 to
283 2650 394 2706 abstuin
413 2653 488 2707 from
506 2668 572 2718 wur,
592 2653 649 2706 end
665 2660 696 2708 to
715 2654 836 2707 exorciso
850 2652 970 2707 towards
985 2652 1055 2706 both
1066 2652 1116 2706 the
1128 2668 1205 2705 com·

103 2751 171 2789 mou
182 2735 274 2791 dulice
286 2737 319 2791 of
330 2737 486 2810 liumonlty.
519 2739 558 2793 So
570 2739 599 2792 in
611 2739 690 2810 Livy.
723 2738 761 2792 So
775 2737 959 2792 Archidemus
971 2737 1039 2806 king
1050 2737 1083 2789 of
1093 2736 1204 2806 Sparte,

104 2819 185 2875 when
196 2820 234 2876 hc
248 2839 303 2876 saw
314 2822 377 2878 thot
392 2824 441 2880 tho
452 2824 554 2880 Eleous
566 2824 689 2879 inclined
702 2828 731 2879 to
743 2822 792 2879 tbc
804 2822 966 2887 Arcadicos,
974 2828 1062 2877 wrote
1073 2827 1104 2876 to
1116 2820 1207 2887 them,

104 2905 133 2960 It
147 2907 169 2961 ic
183 2908 243 2962 well
257 2917 283 2963 to
298 2910 327 2964 bc
341 2911 419 2981 quiet.
