2986 5048
269 277 333 342 198
528 283 884 340 TEMPERAMENTUM
906 285 1021 341 CIROA
1041 285 1111 342 Jus
1229 284 1303 355 [Lm.
1316 288 1373 344 ΙΙΙ.

484 456 584 512 Victor
598 460 659 511 erat
674 455 808 526 quamvis,
823 444 937 525 beequus
951 455 982 510 in
995 455 1077 511 hoste
1090 454 1155 512 fuit.

269 551 382 621 Sedet
400 551 514 622 Ovidis
531 557 680 638 (Metam.
699 575 767 620 vrrs.
787 554 884 639 101):

655 674 746 744 Leges
761 673 849 744 captis
860 673 1029 745 justissimus
1044 676 1145 728 auctor

484 759 621 814 Hostibus
635 759 777 831 imposuit.

344 860 388 924 ΙΙ.
436 859 570 936 Quando
593 865 697 924 autem
716 857 804 945 justo
824 857 865 925 sit
885 856 1061 925 interfectio
1078 857 1163 943 (indo
1184 857 1267 925 enim
1283 859 1377 927 nobis

268 956 475 1045 incipiendum
497 959 557 1041 est)
578 957 611 1022 in
631 956 711 1022 bello
732 957 818 1044 justo
839 958 1007 1023 secundum
1027 958 1181 1044 justitiam
1206 957 1374 1038 internam,

268 1057 394 1142 quando
414 1079 478 1122 non
498 1057 548 1134 sit,
572 1078 612 1122 ex
635 1055 673 1121 iis
688 1055 821 1145 intelligi
836 1065 941 1144 potest
956 1078 1028 1143 quae
1045 1057 1146 1144 capite
1163 1057 1264 1145 primo
1280 1059 1376 1146 hujus

105 1166 246 1258 &gogo
268 1155 341 1222 libri
357 1155 447 1222 nobis
463 1156 616 1243 explicata
632 1163 713 1221 sunt.
765 1155 902 1222 Interfioi
919 1155 1001 1221 enim
1016 1156 1152 1244 aliquem
1165 1157 1319 1246 contingit
1333 1181 1376 1224 ex

103 1259 162 1298 etta

269 1256 438 1343 proposito,
457 1264 512 1322 aut
529 1255 609 1321 citra
628 1255 829 1343 propositum.
880 1257 932 1320 Er
954 1257 1112 1343 proposito
1131 1256 1217 1344 juste
1240 1257 1375 1323 interfici

269 1377 360 1420 nomo
376 1363 489 1442 potest,
511 1354 570 1421 nisi
593 1363 649 1420 out
669 1355 701 1418 in
720 1376 843 1440 poenam
860 1353 987 1442 justam,
1005 1363 1061 1422 aut
1081 1364 1235 1441 quatenus
1254 1357 1375 1443 absque

269 1475 307 1520 co
323 1454 419 1520 vitam
436 1463 469 1520 et
486 1477 537 1521 res
548 1462 682 1519 nostras
704 1453 786 1518 tueri
806 1474 869 1519 non
888 1475 1068 1541 possumus:
1090 1476 1279 1542 quamquam
1294 1455 1375 1522 illud

255 1552 369 1640 ,ipsum
394 1552 434 1618 ob
464 1575 515 1619 res
540 1553 671 1618 caducas
699 1550 855 1618 homiuem
882 1551 1031 1630 occidere,
1059 1553 1180 1619 etiamsi
1206 1576 1227 1618 a
1246 1553 1373 1640 justitia

268 1651 375 1718 stricto
392 1651 476 1718 dicta
492 1674 555 1717 non
570 1652 675 1728 abeat,
692 1672 713 1716 a
728 1650 867 1717 caritatis
883 1658 987 1716 temen
1004 1651 1075 1740 legs
1091 1650 1228 1718 dissedit.
1269 1652 1373 1719 Poena

268 1772 344 1817 vero
357 1751 444 1839 justa
460 1760 496 1820 ut
512 1751 562 1828 sit,
580 1771 657 1838 opus
674 1758 722 1816 est
738 1758 775 1817 ut
791 1749 857 1837 ipse
872 1749 927 1836 qui
943 1749 1128 1818 interficitur
1144 1750 1320 1837 deliquerit,
1338 1760 1373 1817 et

267 1849 392 1936 quidem
420 1859 542 1919 tantum
565 1849 649 1937 quod
674 1849 758 1936 apud
782 1870 905 1936 {equum
923 1849 1060 1934 judicem
1085 1849 1193 1916 mortis
1221 1850 1375 1938 supplicio

266 1949 365 2037 possit
387 1949 555 2017 vindicari:
582 1969 645 2036 qua
669 1949 709 2015 de
733 1970 770 2014 rs
795 1970 832 2014 eo
856 1970 939 2014 nunc
960 1947 1062 2015 minus
1083 1948 1278 2025 disseremus,
1296 1949 1373 2034 quia

267 2049 412 2135 quicquid
429 2050 496 2137 ejus
512 2048 583 2115 sciri
605 2054 739 2133 oportet,
756 2047 832 2114 satis
855 2047 1042 2135 explicatum
1060 2047 1252 2115 arbitramur
1268 2048 1372 2135 capite

265 2147 306 2213 de
322 2149 430 2235 poenis.

340 2248 402 2312 111.
446 2249 466 2311 1
503 2246 615 2332 Supra,
634 2267 703 2311 cum
718 2245 758 2312 de
775 2243 963 2332 supplicibus
980 2266 1146 2335 ageremus
1162 2246 1248 2330 (sunt
1262 2251 1371 2313 autem

265 2342 350 2411 utin
366 2366 452 2431 pace,
469 2344 516 2411 ita
530 2353 563 2411 et
578 2343 612 2409 in
628 2346 709 2411 bello
725 2344 905 2431 supplices‚)
922 2344 1124 2412 dimresimus
1139 2340 1297 2439 ἀτύχημα
1314 2350 1371 2413 καὶ

265 2436 418 2526 ἀδίκημα,
444 2447 661 2530 infortunium
686 2457 715 2511 et
738 2445 907 2529 iujuriam.
959 2443 1115 2532 Gylippns
1139 2465 1177 2510 eo
1208 2465 1300 2530 quem
1325 2443 1370 2510 ibi

100 2545 245 2586 wll-²2
264 2542 363 2609 citare
392 2543 541 2632 coepimus
575 2543 705 2609 Diodori
731 2541 827 2610 Siculi
859 2542 927 2609 loco
952 2542 1074 2629 quaerit,
1106 2550 1180 2609 utra
1204 2542 1239 2608 in
1271 2543 1370 2609 classe

263 2641 470 2723 Athenienses
495 2643 569 2731 poni
587 2644 732 2721 debeant,
753 2641 1015 2708 infortunatomm
1040 2664 1082 2706 sn
1105 2641 1311 2728 injustorum:
1334 2650 1370 2708 et

263 2762 321 2828 pro
336 2741 534 2810 infortunatis
550 2742 710 2808 habendos
726 2749 823 2829 negat
834 2739 888 2826 qui
904 2739 988 2806 ultro
1004 2740 1089 2806 nulls
1105 2739 1239 2808 lacessiti
1254 2739 1371 2826 injuria

264 2840 470 2931 Syracusanis
485 2842 601 2908 bellum
617 2840 812 2907 intulissent:
829 2837 912 2904 undo
928 2837 1024 2904 infert
1038 2860 1108 2904 cum
1124 2847 1236 2926 sponte
1252 2839 1370 2905 benum

307 3015 606 3078 bAEqmtntoesefisu]
626 3017 789 3064 Ovidiustrh·
837 3014 915 3062 Addit
924 3028 996 3062 mors
1017 3015 1047 3061 s‘d
1060 3015 1120 3061 enim
1136 3016 1249 3076 oequiffl
1266 3021 1370 3076 portata

262 3088 323 3134 tium
334 3102 352 3133 r.
363 3089 442 3147 elegia
450 3092 466 3135 8
474 3089 548 3149 (vers.
556 3089 612 3150 35)=
836 3088 1086 3149 mnatplacudilis
1091 3090 1368 3150 Imperatorstclemm.

262 3160 559 3210 fflfflmlssmlfflvleha
568 3162 788 3211 ethhoelsnmbsslur·
839 3163 991 3224 Thucydides
1005 3164 1067 3210 libro
1080 3177 1120 3210 ιιι.
1136 3164 1199 3226 (cap.
1213 3164 1254 3223 39)
1270 3165 1296 3210 in
1312 3179 1370 3211 eru-

306 3230 466 3278 eNeoessuas
488 3237 576 3291 spera,
598 3247 645 3278 son
669 3233 789 3294 volumus]
837 3237 1027 3286 tioneCleonisc
1043 3238 1144 3286 οἵτινες
1156 3239 1206 3285 ort
1220 3239 1368 3287 τῶνπολι·

313 3479 353 3536 II.
390 3479 477 3536 What
496 3480 597 3553 killing
614 3482 637 3538 is
650 3482 752 3553 justin
769 3500 834 3548 war,
853 3483 1003 3555 according
1016 3488 1048 3539 to
1064 3483 1185 3538 internal
1194 3480 1305 3553 justice,
1320 3497 1368 3537 we

259 3583 325 3638 may
339 3583 387 3623 see
400 3567 474 3623 from
488 3568 563 3623 whst
576 3567 628 3624 has
639 3569 712 3624 been
723 3568 793 3624 said.
838 3568 864 3623 A
878 3586 945 3623 man
958 3586 1024 3640 may
1037 3569 1074 3624 bo
1088 3568 1175 3624 killed
1189 3567 1223 3622 oi
1231 3582 1366 3638 purpose,

259 3668 293 3706 or
305 3658 357 3706 not
372 3653 406 3705 of
423 3669 554 3724 purpose.
599 3654 645 3708 No
667 3670 722 3709 ono
745 3671 797 3709 can
811 3654 848 3710 be
861 3656 951 3726 justly
964 3655 1051 3709 killed
1066 3653 1100 3709 of
1117 3669 1249 3725 purpose,
1262 3659 1366 3722 except

258 3735 395 3790 citherae
409 3753 427 3788 s
437 3739 497 3805 just
511 3736 701 3807 punishment,
716 3755 749 3793 or
763 3755 794 3794 so
808 3739 853 3793 fsr
867 3757 897 3795 as
917 3757 959 3795 we
973 3745 1077 3794 cannot
1091 3737 1239 3794 otherwise
1257 3737 1366 3791 defend

258 3834 312 3873 our
320 3818 369 3873 life
380 3820 436 3872 and
447 3828 590 3892 property.
627 3822 693 3876 And
708 3840 777 3878 oron
789 3823 845 3880 this
857 3832 928 3896 step,
940 3825 974 3881 of
984 3826 1083 3897 killing
1094 3841 1112 3879 a
1123 3840 1189 3879 man
1199 3823 1246 3879 for
1256 3821 1366 3894 perish·

257 3902 322 3957 able
335 3901 442 3957 human
456 3913 599 3976 property,
613 3907 637 3961 is
651 3912 682 3961 at
696 3909 824 3964 namanes
836 3910 904 3966 with
915 3910 964 3966 the
979 3912 1031 3966 law
1043 3911 1076 3965 of
1087 3909 1205 3981 charity.
1233 3908 1268 3962 In
1280 3907 1368 3962 order

257 3987 321 4044 that
338 3988 519 4060 punishment
536 4007 601 4062 may
617 3992 654 4046 be
673 3994 741 4064 just,
762 3994 786 4048 it
808 3997 831 4050 is
853 4013 1000 4068 necessary
1021 3995 1085 4051 that
1099 3995 1137 4050 he
1153 3994 1216 4049 who
1234 3995 1259 4049 is
1275 3993 1367 4048 killed

256 4074 358 4129 should
371 4073 443 4130 hare
457 4074 574 4131 himself
584 4078 723 4144 offended,
734 4081 790 4134 sud
804 4097 835 4135 so
850 4083 990 4147 offended,
1004 4082 1067 4137 that
1078 4081 1160 4150 ajust
1169 4079 1258 4151 judge
1270 4079 1367 4135 would

255 4160 338 4214 think
353 4160 438 4216 death
453 4178 471 4215 a
484 4162 517 4216 lit
530 4162 720 4235 punishment
766 4165 807 4222 Of
821 4166 877 4223 this
892 4184 933 4223 we
948 4167 1020 4223 have
1037 4167 1134 4240 spoke,
1151 4165 1181 4219 in
1196 4164 1319 4234 treating
1334 4162 1370 4219 of

255 4247 445 4316 punishment.

310 4331 362 4385 ΙΙΙ.
399 4339 413 4385 1
439 4333 546 4399 Abose,
565 4335 596 4387 in
615 4335 751 4406 speaking
770 4336 804 4391 of
819 4338 976 4410 snppliants
999 4334 1157 4404 (forthere
1176 4351 1226 4391 are
1245 4333 1315 4390 such
1333 4335 1365 4388 in

255 4428 312 4467 wer
325 4431 355 4469 as
369 4416 509 4489 imposte,
529 4417 650 4490 namsly,
663 4417 745 4476 those
762 4420 824 4477 who
838 4423 889 4478 ask
907 4423 955 4478 ior
967 4420 1084 4495 morey)
1099 4439 1142 4479 wo
1156 4418 1363 4493 distinguished
