2986 5048
527 470 670 537 CAPUT
696 473 787 538 XXI.

144 643 197 698 DE
219 643 311 697 FIDE
333 641 524 696 ΜΑΝΕΝΤΕ
546 643 681 709 Blitho,
703 644 771 699 UBI
792 643 845 697 DE
868 643 1053 711 mouens,
1076 645 1170 702 coM·
1226 603 1228 607 ¹

298 727 445 792 MEATU,
467 728 723 785 CAPTIVORUM
744 729 1012 786 REDEMTIONE.

166 880 189 933 1.
254 878 377 932 Inducioe
396 877 463 948 quid
475 879 537 940 sint,
556 887 580 932 ct
594 897 633 932 an

256 965 287 1018 id
297 974 399 1035 tompus
409 965 497 1018 veniat
505 966 584 1036 pacis
595 984 633 1018 an

259 1051 444 1106 bollinomino.

162 1136 200 1192 ΙΙ.
261 1136 339 1190 Vocis
351 1137 435 1206 oripo.

152 1223 205 1279 111.
256 1222 335 1276 Nova
354 1222 496 1276 indictione
511 1231 573 1293 post
591 1223 634 1276 in·

255 1307 418 1361 duciosnon
432 1325 506 1378 apsis.

151 1393 202 1448 IV.
255 1393 634 1463 Qnomodocompntandasint

257 1488 378 1549 temporo
404 1478 520 1533 induciis
539 1481 634 1551 praji-

257 1565 325 1618 nita.

160 1653 196 1707 V.
255 1651 372 1717 Quando
397 1650 516 1721 obliqars
535 1650 634 1721 incipi·

257 1745 314 1791 ant.

151 1824 202 1878 VI.
256 1822 620 1894 Quidpcrinduciasliceot.

149 1909 215 1963 VII.
255 1910 303 1962 An
316 1908 475 1963 rotrocoderc
492 1917 516 1961 ct
531 1909 635 1981 rsficerc

257 1996 364 2058 mania,
379 2004 403 2049 ct
417 1994 536 2048 similia.-

142 2079 225 2134 VIII.
259 2080 303 2134 Dc
322 2080 385 2135 locis
404 2079 565 2150 occupandis
580 2080 634 2134 dis·

259 2167 359 2220 tinctio.

156 2251 209 2306 IX.
256 2251 305 2304 An
323 2253 410 2306 redire
425 2253 518 2322 possit,
542 2253 589 2322 qui
608 2253 636 2305 oi

259 2338 360 2408 majore
375 2346 489 2393 rstentns
503 2347 547 2403 cst,
562 2339 635 2392 circa

258 2424 357 2477 scitum
369 2424 551 2479 induciarum.

163 2510 200 2563 X.
258 2509 302 2563 Dc
330 2511 486 2581 specialibus
513 2511 634 2565 inducia·

259 2613 323 2649 rum
339 2597 518 2666 pactionibus,
534 2605 557 2649 ct
575 2613 635 2665 quot

261 2682 322 2735 indo
334 2682 422 2751 quaesi
432 2681 522 2734 solent.

156 2765 210 2820 XI.
259 2767 441 2819 Indnciamm
468 2765 636 2834 pactionibus

260 2851 294 2902 ab
324 2850 411 2902 altera
432 2858 513 2918 porte
539 2850 636 2918 ruptis,

259 2935 374 2987 alteram
408 2934 505 2987 bellum
535 2950 637 2987 movcrc

256 3037 339 3089 posss.

150 3105 219 3160 XII.
261 3106 336 3172 Quid
344 3105 369 3159 si
377 3123 459 3176 puna
470 3105 565 3159 addita
569 3107 635 3179 fuc-

260 3192 321 3246 riti

137 3277 219 3332 XIII.
255 3278 635 3350 Psioctorumsactaquando

260 3365 383 3422 inducias
397 3374 536 3437 rumpant.

145 3451 226 3506 XIV.
261 3453 367 3525 Injurc
380 3452 546 3506 commeandi
559 3459 637 3504 ostra

261 3538 384 3592 inducias
402 3537 490 3607 qualis
509 3536 638 3590 sumenda

261 3622 452 3693 intorprctotio.

149 3706 215 3761 XV.
262 3706 316 3774 Qui
334 3709 452 3761 militum
470 3706 576 3761 nominc
596 3723 638 3759 oo·

832 881 920 934 niant.

715 965 796 1020 XVI.
832 967 887 1030 Irc,
912 966 1008 1031 vestire,
1035 969 1117 1033 abire,
1144 987 1209 1041 quo·

835 1053 913 1106 modo
925 1053 966 1106 bic
978 1054 1151 1125 accipienda:

711 1137 806 1192 XVII.
835 1138 880 1192 Dc
896 1139 1041 1193 caterniano
1062 1142 1101 1194 od
1118 1159 1210 1213 porso-

834 1241 903 1276 nas:

703 1308 814 1363 XVIII.
836 1309 883 1361 Ad
897 1311 974 1362 bosso.

719 1394 802 1448 XIX.
839 1394 947 1448 Comitis
961 1402 985 1447 ct
1002 1396 1086 1465 pontis
1105 1398 1210 1452 nomino

834 1480 881 1551 qui
891 1479 1017 1534 veniant:

723 1566 792 1621 XX.
831 1565 879 1618 An
900 1567 1026 1620 conccssio
1047 1568 1121 1639 juris
1138 1584 1209 1622 cosn-

832 1652 941 1706 sncandi
962 1661 1046 1706 morto
1071 1654 1210 1724 cctinqua-

834 1746 896 1791 tur:

716 1822 797 1876 XXI.
837 1823 911 1889 Quid
932 1823 956 1877 si
979 1824 1108 1888 dotant,
1131 1826 1211 1880 donoc

833 1908 880 1979 qni
893 1909 964 1962 dedit
978 1910 1113 1964 volucsiti

708 1992 806 2047 XXII.
832 1993 881 2046 An
916 1995 1044 2049 secusitas
1077 2005 1101 2049 ct
1133 2007 1210 2052 cntra

835 2079 1001 2133 tcrsitorium
1013 2081 1147 2137 debeatur.

701 2165 813 2219 XXIII.
834 2166 926 2219 Fauor
942 2167 1110 2222 rcdomtiouis
1124 2170 1209 2240 capti·

834 2270 948 2306 vorum.-

702 2338 811 2393 XXIV.
834 2338 882 2391 An
900 2338 952 2409 lopo
970 2340 1093 2395 interdici
1110 2341 1211 2395 rodom-

835 2424 870 2479 tio
881 2425 974 2495 possit,
991 2426 1157 2481 distinctions
1168 2444 1211 2480 cc·

831 2510 962 2582 plicatur.

707 2595 803 2651 XXV.
835 2597 887 2648 Jns
922 2596 952 2651 in
988 2598 1124 2667 captivum
1156 2597 1212 2650 oodi

832 2697 924 2750 possse

696 2763 806 2817 XXVI.
833 2765 915 2817 Posss
948 2766 982 2818 ab
1010 2782 1064 2818 unc
1091 2766 1211 2836 pretinm

833 2849 960 2918 pluribus
973 2849 1075 2903 deberi:

696 2932 822 2988 XXVII.
838 2933 978 2987 Convcntio
986 2953 1024 2987 an
1031 2936 1146 2990 rescindi
1149 2954 1212 3007 pos-

836 3019 879 3083 sit,
897 3022 927 3073 ob
940 3021 1048 3076 divitias
1060 3023 1160 3093 captivi
1172 3024 1213 3094 ip·

835 3115 955 3160 noratcs.

685 3192 826 3246 XXVIII.
839 3193 907 3259 Quos
931 3195 1001 3247 bona
1026 3194 1100 3267 capti
1121 3205 1213 3269 capto·

836 3297 893 3334 rom
906 3289 1061 3350 soqnantur.

704 3364 816 3418 XXIX.
836 3365 882 3418 Aa
898 3367 969 3419 beros
983 3368 1101 3434 pretinm
1116 3369 1214 3433 donat,

839 3451 1005 3504 distinctione
1018 3451 1177 3522 adplicatur.

715 3534 813 3588 XXX.
840 3534 986 3589 Ans-odiro
1005 3537 1094 3590 dcbcat
1111 3538 1158 3606 qui
1173 3539 1215 3591 di-

840 3622 935 3674 missus
947 3629 991 3683 cst,
1007 3632 1037 3676 ut
1052 3623 1167 3678 altorum
1182 3624 1214 3677 li·

842 3709 918 3773 bcrct,
932 3725 960 3762 co
975 3718 1089 3764 mortuo.

112 3836 138 3904 I.
164 3841 183 3904 1
216 3839 412 3994 SOLENT
434 3846 467 3905 et
487 3838 569 3906 inter
591 3838 706 3905 bellum
727 3859 748 3904 a
767 3839 893 3905 summis
915 3843 1122 3929 potestatibus
1143 3866 1215 3910 oon·

287 3939 354 4005 cedi
370 3939 523 4025 quaedsm,
541 3945 578 4004 ut
595 3961 663 4003 cum
681 3937 815 4026 Virgilio
831 3949 865 4005 et
882 3941 990 4007 Tacito
1007 3942 1126 4029 loquar,
1141 3943 1214 4008 belli
1228 3977 1355 4017 mm,

111 4036 301 4114 commercia,
328 4039 467 4103 Homero
493 4037 718 4117 conspicuitas,
744 4036 848 4120 qualia
873 4049 946 4105 sunt
964 4040 1107 4117 inducia,
1132 4061 1213 4104 com·
1227 4023 1339 4108 ibitis
1374 4096 1379 4107 .

1227 4114 1291 4153 Iliad.
1300 4115 1350 4154 xxti.

1227 4169 1247 4199 v.
1256 4161 1295 4200 stt.

132 4263 269 4318 (inum
286 4261 371 4321 XXI.
407 4263 451 4338 Os
460 4262 542 4317 Foitb
558 4264 635 4317 wbils
652 4280 713 4317 war
730 4263 880 4325 continuas,-
903 4266 941 4335 of
958 4267 1060 4327 Truoct
1083 4269 1118 4342 os
1127 4266 1193 4344 Saso

491 4348 629 4420 Passoqss
651 4350 687 4424 os
701 4348 833 4405 Ilonsom.

165 4470 188 4525 1.
236 4474 249 4524 1
273 4469 352 4524 Esou
364 4467 466 4541 durtng
477 4485 541 4536 war,
553 4467 602 4525 tho
614 4484 746 4543 supremo
760 4468 926 4528 authorities
940 4488 990 4529 sre
1001 4479 1076 4530 nont
1088 4480 1118 4532 to
1132 4481 1215 4547 grain
