2986 5048
283 279 345 341 182
660 284 712 337 nn
734 281 997 338 noscentium.
1202 249 1205 253 ’
1241 278 1380 348 [num.

281 449 414 537 majores
432 446 573 527 omuin03
601 448 744 525 minores,
762 448 789 514 si
805 447 889 515 iutra
906 446 1144 535 quadriennium
1163 467 1185 512 a
1203 444 1383 534 receptione

282 549 496 626 vindiceatum
514 548 573 613 nisi
588 549 671 634 quod
687 569 790 614 aroem
807 548 887 614 bello
904 547 1048 614 amissam
1061 554 1093 613 et
1105 546 1383 633 quomodocunque

281 658 498 736 recuperatam
515 647 670 713 retinendi
682 647 735 734 jus
752 670 809 713 rex
826 648 931 714 babet

358 749 447 815 XIV.
496 751 515 812 1
550 749 601 813 De
626 748 790 813 mobilibus
814 747 969 834 generalis
993 745 1026 811 in
1052 745 1241 813 contrarium
1271 746 1383 835 regula

283 855 340 925 est,
361 856 398 913 ιιι
422 846 609 934 postliminio
635 868 697 911 non
721 847 863 924 redeant,
889 847 944 912 sod
968 846 1000 911 in
1025 846 1135 932 prada
1151 846 1233 914 sint:
1256 854 1294 912 ut
1315 846 1383 911 haeo

283 947 412 1033 opponit
428 948 542 1012 Labeo.
591 948 697 1024 Quare
714 955 746 1012 et
763 945 945 1012 commercio
961 955 1081 1033 parate,
1099 945 1275 1032 ubicunque
1293 966 1385 1032 repe-

283 1046 416 1122 riuntur,
439 1052 566 1111 manent
582 1045 658 1132 ejus,
674 1045 728 1131 qui
749 1045 843 1111 emit:
868 1067 925 1110 nec
939 1045 1024 1132 apud
1040 1053 1168 1132 pacatos
1184 1053 1312 1133 reperta
1327 1052 1384 1110 sut

283 1145 368 1211 intra
383 1145 459 1210 fines
476 1144 626 1232 perducta
639 1144 816 1210 vindicandi
827 1144 880 1231 jus
897 1154 945 1210 est
959 1145 1059 1210 reteri
1074 1144 1208 1209 domiuo.
1261 1144 1325 1209 Sed
1341 1144 1383 1209 ab

284 1245 343 1310 hac
359 1245 469 1333 regulo
485 1244 625 1310 ridemus
647 1244 721 1309 olim
745 1252 885 1330 excepta,
902 1265 973 1330 quas
987 1243 1021 1309 in
1038 1242 1119 1309 bello
1139 1265 1229 1308 usum
1245 1243 1383 1310 habente

284 1343 368 1430 quod
385 1343 455 1409 idco
477 1342 626 1430 placuisse
651 1342 796 1432 gentibus
816 1343 949 1421 ridetur,
967 1351 1003 1409 ut
1024 1341 1231 1429 recuperandi
1250 1363 1322 1429 spes
1341 1341 1384 1407 ad

285 1465 324 1508 oa
356 1443 564 1528 comparanda
597 1442 763 1508 alacriores
795 1442 936 1507 homines
964 1442 1123 1508 redderet.
1174 1441 1384 1506 Plurimarum

286 1542 367 1608 enim
393 1541 551 1606 civitatum
574 1542 717 1607 instituta
736 1563 774 1607 eo
794 1549 936 1628 tempore
955 1541 997 1608 ad
1017 1563 1085 1607 rem
1107 1540 1247 1607 bellicam
1266 1541 1384 1606 refere-

285 1643 419 1708 bantur:
445 1662 544 1727 quare
564 1640 653 1707 facile
677 1640 709 1704 in
729 1642 789 1706 hoo
809 1662 990 1707 consensum
1006 1648 1063 1706 est
1115 1641 1215 1706 Usum
1231 1647 1336 1705 sutem
1350 1639 1385 1704 in

285 1741 366 1806 bello
384 1742 452 1806 brec
478 1740 595 1806 habere
618 1748 782 1806 censentur
806 1761 877 1826 quae
898 1739 991 1806 modo
1008 1761 1049 1804 cx
1071 1739 1162 1806 (iallo
1177 1739 1263 1804 AElio
1278 1737 1385 1805 attuli-

285 1862 362 1917 mus,
377 1840 432 1906 sed
448 1861 519 1925 quae
536 1839 707 1906 distinctius
723 1839 864 1926 exposita
880 1847 1006 1905 exstam
1022 1848 1089 1905 tum
1104 1838 1188 1925 spud
1203 1837 1384 1904 Ciceronem

122 1958 205 2053 ppei
211 2015 258 2053 m
285 1939 317 2005 iu
333 1938 463 2025 Topicis,
482 1949 548 2005 tum
564 1938 649 2024 apud
665 1938 884 2004 Modestinum.
916 1939 1023 2003 Nares
1039 1937 1154 2005 scilicet
1170 1936 1272 2025 longas
1288 1945 1385 2023 atque

123 2061 210 2108 aare
258 2038 447 2113 'onerariae,
477 2059 540 2102 non
566 2037 641 2102 item
673 2035 798 2102 lusoriae
827 2046 883 2105 aut
910 2036 1066 2114 actuaria,
1094 2036 1262 2123 uoluptatis
1289 2056 1384 2102 musa

285 2145 424 2224 parate:
442 2134 526 2211 muli,
540 2135 596 2200 sed
613 2134 785 2202 clitellarii:
802 2136 874 2223 equi
890 2145 923 2203 et
936 2158 1034 2223 equas,
1052 2136 1107 2201 sed
1123 2135 1204 2201 freni
1220 2134 1383 2222 patientes

122 2253 264 2339 {rfflffi
286 2236 332 2301 Et
347 2235 398 2299 hae
415 2256 466 2300 res
482 2242 564 2309 suut,
583 2254 660 2318 quos
678 2244 713 2328 et
731 2235 831 2323 legari
849 2244 936 2301 recto
957 2236 1124 2302 voluerunt
1140 2233 1283 2313 Romani,
1300 2241 1335 2300 et
1351 2234 1385 2299 in

122 2310 267 2430 pff&
286 2332 502 2422 praelationes
517 2331 642 2397 familia
659 2332 871 2401 herciscundae
888 2334 1005 2402 renuo.

122 2437 232 2477 ml·
362 2434 383 2497 2
417 2432 516 2497 Arma
532 2439 565 2498 et
581 2430 675 2497 restis
691 2455 781 2498 usum
798 2433 922 2519 quidem
939 2433 972 2498 iu
987 2433 1068 2500 bello
1084 2433 1211 2513 habent,
1228 2432 1286 2499 scd
1299 2441 1385 2521 post·

121 2482 256 2569 *ullum
286 2529 402 2597 liminio
424 2553 488 2597 non
512 2530 665 2608 redibant,
692 2530 766 2619 quia
788 2532 912 2597 minime
936 2532 1123 2598 favorabiles
1147 2537 1247 2609 crant,
1273 2532 1384 2618 quiin

287 2629 369 2696 bello
385 2653 474 2697 arma
490 2639 546 2696 aut
563 2638 679 2696 vestem
696 2631 896 2698 amitterent:
915 2631 976 2697 imo
993 2630 1026 2697 id
1043 2629 1153 2720 flagitii
1167 2629 1233 2697 loco
1248 2630 1386 2698 habeba·

286 2739 349 2809 tur,
376 2739 411 2796 ut
435 2730 548 2819 passim
572 2729 606 2794 in
627 2729 764 2795 historiis
788 2739 929 2818 apparet.
977 2730 1082 2816 Atque
1106 2730 1139 2795 in
1157 2730 1216 2795 hoo
1234 2737 1386 2797 notantur

286 2851 376 2898 arma
391 2830 432 2897 ab
449 2852 529 2918 equo
545 2829 671 2905 distare,
689 2830 773 2915 quod
790 2851 887 2915 equus
903 2829 970 2896 sine
986 2829 1078 2915 culpa
1094 2827 1205 2915 equitis
1222 2828 1386 2917 proripere

285 3083 420 3146 counties,
437 3081 494 3135 and
510 3082 671 3154 hereditsry
684 3084 884 3156 jurisdictione,
901 3102 949 3141 are
967 3084 1093 3141 restored
1110 3085 1148 3157 by
1164 3085 1386 3156 postliminium

284 3166 334 3220 the
349 3168 438 3235 major
453 3183 528 3231 onos,
542 3168 713 3240 absolutor„
728 3169 778 3224 the
792 3171 891 3236 minor,
906 3172 932 3224 if
943 3171 1011 3242 they
1025 3188 1072 3226 are
1087 3170 1206 3226 claimed
1220 3173 1318 3227 within
1330 3174 1388 3229 tire

284 3268 365 3323 years
380 3250 454 3305 from
472 3251 547 3306 theIr
560 3268 710 3325 recovery;
725 3261 825 3327 except
839 3255 903 3311 that
919 3257 1016 3323 niort,
1035 3257 1091 3312 lost
1108 3257 1165 3312 aud
1179 3258 1322 3329 regained,
1335 3259 1386 3315 the

284 3336 354 3408 lring
367 3335 419 3391 has
431 3336 481 3391 the
496 3337 572 3409 right
586 3338 619 3392 of
629 3340 778 3411 retaining.

338 3423 418 3478 XIV.
458 3429 472 3478 l
497 3423 673 3496 (loncerning
686 3425 853 3491 moreables,
867 3443 904 3481 on
919 3426 968 3482 the
984 3426 1066 3483 other
1079 3426 1164 3494 hand,
1185 3429 1236 3484 the
1252 3435 1386 3504 contrary

285 3509 348 3564 rulo
362 3510 392 3563 in
412 3510 527 3580 general
545 3510 644 3566 holdsz
663 3511 726 3566 that
742 3512 810 3584 they
826 3512 862 3566 do
878 3519 929 3569 ιιοι
945 3519 1045 3568 return
1056 3513 1094 3587 by
1107 3514 1318 3586 postliminium,
1332 3515 1386 3571 but

284 3594 401 3650 become
413 3597 498 3666 prisc.
532 3597 630 3652 Hence
643 3598 748 3667 objects
765 3598 799 3652 of
811 3599 907 3663 truffic,
924 3598 1066 3655 wherevcr
1077 3600 1193 3671 bought,
1204 3601 1320 3656 become
1335 3601 1386 3659 the

284 3687 420 3751 property
441 3681 475 3735 of
491 3680 551 3734 him
569 3682 631 3737 who
652 3682 723 3755 buys
737 3683 830 3738 them:
853 3683 909 3738 and
929 3683 1059 3739 ifiound
1078 3702 1181 3757 among
1200 3686 1335 3752 neutrale,
1352 3704 1386 3742 or

285 3762 408 3834 brought
422 3763 514 3829 home,
529 3773 633 3821 cannot
650 3768 687 3823 be
702 3768 819 3824 claimed
838 3769 876 3841 by
894 3769 944 3825 the
963 3770 1012 3825 old
1030 3787 1134 3826 owner.
1171 3772 1229 3827 But
1240 3773 1315 3827 from
1329 3772 1385 3829 this

283 3849 354 3913 rulo,
365 3864 438 3902 were
449 3851 584 3921 exceptcd
594 3853 728 3924 formerly
736 3855 889 3909 munitione
901 3855 935 3910 of
942 3872 1010 3921 wsr3
1025 3856 1074 3911 the
1085 3872 1186 3912 reason
1196 3857 1290 3930 being,
1298 3874 1386 3930 appa-

283 3933 386 4004 rently,
409 3931 472 3988 thot
494 3950 560 3988 men
580 3936 670 4007 might
688 3937 725 3992 be
745 3955 824 3993 more
847 3941 937 3996 active
959 3942 990 3996 iu
1010 3943 1173 4013 recovering
1195 3943 1283 3998 these.
1328 3944 1386 3999 For

283 4036 368 4091 many
383 4023 469 4074 states
481 4018 552 4074 hove
567 4021 641 4076 their
652 4021 718 4077 lass
733 4024 816 4080 made
830 4026 980 4099 especially
992 4026 1059 4083 with
1071 4044 1089 4082 a
1102 4028 1171 4084 view
1187 4034 1217 4084 to
1229 4045 1293 4083 wer.
1331 4029 1386 4085 We

283 4105 355 4160 haro
366 4105 480 4177 already
492 4106 584 4161 stated
596 4107 671 4162 what
685 4125 733 4164 are
748 4111 901 4167 munitione
913 4111 946 4167 of
957 4129 1023 4169 war.
1050 4110 1117 4180 [See
1128 4112 1187 4168 also
1200 4114 1307 4181 (licere,
1318 4112 1385 4182 &el

335 4199 353 4245 2
374 4192 456 4246 Arme
469 4192 525 4246 aud
536 4194 662 4266 clothiug
673 4194 744 4250 hare
758 4196 833 4252 their
844 4214 894 4253 use
908 4198 938 4251 in
949 4214 1015 4264 war,
1027 4198 1080 4253 but
1097 4199 1153 4253 had
1168 4206 1219 4254 not
1236 4199 1286 4254 the
1300 4201 1386 4273 prisi-

282 4277 345 4347 lcgo
357 4279 391 4331 of
400 4279 617 4348 postliminium
629 4281 749 4337 because
761 4282 828 4354 they
839 4282 901 4337 who
913 4284 968 4338 lost
980 4283 1059 4339 them
1070 4301 1143 4340 were
1154 4285 1228 4340 little
1239 4285 1386 4352 favoured,

282 4361 386 4415 indeed
404 4379 477 4418 were
497 4364 650 4435 disgreoed.
694 4366 760 4421 And
776 4383 808 4423 so
824 4383 843 4421 a
858 4366 941 4424 borso
959 4369 1128 4425 isdiffcrent
1145 4370 1175 4424 in
1196 4369 1253 4426 this
1272 4378 1386 4444 respect

281 4442 356 4498 from
373 4461 465 4513 nrmsr
487 4448 533 4502 ior
549 4449 598 4504 the
617 4447 701 4505 horse
721 4467 787 4524 may
804 4452 842 4508 bo
860 4454 917 4508 lost
936 4452 1056 4510 without
1075 4455 1150 4510 fault
1173 4456 1207 4512 of
1224 4455 1275 4513 the
1295 4456 1383 4513 ridor.
