2986 5048
117 264 186 320 (lar.
200 258 269 333 nn]
375 263 562 328 nauriunt,
583 263 652 318 UBI
673 264 725 317 Du
748 263 952 318 INDICTION
955 263 987 319 E.
1180 252 1219 313 63

117 447 190 492 nem
207 423 323 489 dictam
345 443 411 487 csse
434 420 666 511 clarigationem
688 422 776 488 testis
795 431 843 487 est
859 422 1006 487 qPlinius.
1060 422 1218 488 conditio-

119 534 196 590 nata
213 532 262 589 est
281 521 471 588 denuntiatio
491 522 577 609 apud
602 521 741 587 Livium:
767 545 838 588 enne
853 546 888 588 se
903 524 1073 606 injurians,
1091 525 1159 589 nisi
1175 526 1218 589 ab
1231 544 1367 585 navatus

121 627 206 710 ipsis
229 625 287 709 qui
296 625 440 707 fecerint
459 624 618 698 dematur,
646 625 734 708 ipsos
760 625 904 687 omnini
927 624 1116 706 depulsuros
1142 645 1216 701 ease,

122 732 156 788 et
172 722 257 809 apud
274 721 423 802 Tacitum,
444 724 481 786 nl
503 723 702 808 supplicium
724 724 761 786 in
785 723 889 788 malos
904 735 1121 807 presumant,
1141 746 1217 788 ussa
1231 740 1362 827 puppam

120 846 196 888 rum
212 823 401 908 promiscua
427 824 533 886 ccede:
560 830 592 887 et
618 829 707 886 votus
725 821 791 907 ejus
811 822 986 908 exemplum
1009 822 1219 907 Supplicibus
1244 815 1249 825 ’
1281 849 1283 853 ”

120 921 288 1009 Euripidis,
306 919 360 986 ubi
377 920 517 986 Theseus
538 920 734 986 eaduceatori
756 921 825 985 hoec
847 920 904 987 dat
922 920 1070 986 mandata
1085 921 1128 988 ad
1145 923 1220 988 Cre·

119 1031 225 1089 ontem
242 1021 426 1086 Thebanum
443 1022 538 1105 (vers.
556 1023 633 1100 383,
652 1029 685 1087 et
700 1023 820 1107 seqq.):

334 1138 346 1168 ¹
350 1141 450 1195 Vicina
461 1139 586 1195 Theseus
600 1142 649 1212 qui
663 1147 742 1196 tenet
755 1141 835 1212 regni
849 1142 916 1207 sola,

336 1227 463 1282 Humare
479 1227 569 1297 poscit
583 1234 725 1282 mortuos:
751 1228 864 1299 quodsi
879 1228 970 1293 datur,

337 1315 383 1368 Sit
396 1314 494 1377 amica,
507 1313 594 1368 faciet
607 1330 676 1384 gons
690 1313 872 1369 Erechtidum
887 1314 947 1369 tibi.

336 1400 405 1454 Haec
419 1400 443 1453 si
457 1399 621 1472 probantur,
635 1406 696 1454 tum
711 1400 785 1455 refer
799 1407 875 1455 retro
890 1401 1006 1472 pedem:

338 1486 390 1540 Sin
403 1502 488 1540 nemo
502 1491 592 1557 paret,
605 1486 690 1540 rerba
704 1487 760 1540 sint
774 1487 834 1541 haec
849 1487 953 1542 altera:

337 1572 403 1626 lam
417 1588 483 1626 mox
497 1577 530 1627 ut
544 1588 622 1626 arma
635 1571 717 1644 pubis
732 1580 881 1644 expectent
895 1590 974 1628 meus.

122 1669 270 1758 Papinius
286 1670 318 1736 in
335 1670 472 1757 ejusdem
489 1669 535 1736 rei
552 1670 730 1736 narratione
749 1673 930 1756 (Thebaid.
951 1693 1010 1740 xn.
1030 1674 1131 1756 598):

340 1790 398 1845 hut
410 1790 516 1846 Danais
531 1791 610 1845 edice
624 1807 715 1861 rogos,
730 1796 780 1845 aut
793 1788 889 1862 praelia
904 1790 1016 1846 Thebis.

126 1886 278 1977 Polybius
302 1888 361 1954 hcc
388 1898 478 1955 vocat
507 1884 606 1982 ῥύσια
634 1884 905 1978 καταγγέλλειν,
933 1889 1068 1955 Romani
1099 1898 1222 1957 veteres

125 1990 315 2055 ⁶condicere.
363 1989 448 2054 Pura
464 1988 658 2054 denuntiatio
682 1999 730 2054 est
746 2010 817 2075 quse
833 1990 1008 2075 specialiter
1025 1989 1151 2056 indictio
1167 2000 1223 2056 aut

124 2088 267 2165 edictum,
293 2087 347 2154 ubi
373 2097 428 2154 aut
454 2088 568 2154 bellum
591 2089 658 2174 jam
684 2087 765 2153 alter
785 2087 890 2155 intulit
915 2093 960 2176 (ct
985 2089 1043 2156 hoo
1066 2098 1114 2155 est
1139 2089 1223 2176 quod

122 2187 207 2274 apud
224 2187 376 2253 Isidorum
393 2187 506 2253 dicitur
523 2187 637 2252 bellum
655 2187 935 2274 propulsandorum
947 2190 1105 2255 hominum
1117 2191 1223 2272 causa)
1239 2217 1386 2269 ornxvrnn

123 2290 198 2352 'sut
213 2308 251 2352 ea
266 2287 396 2373 deliquit
413 2287 480 2376 ipss
496 2308 566 2373 quae
583 2308 706 2375 poenam
722 2297 891 2354 merentur.

122 2450 194 2509 (vers.
201 2450 238 2497 dh
248 2449 302 2497 Lib.
308 2463 346 2497 ix.
355 2452 392 2496 14.
401 2449 455 2496 Lib.
464 2449 501 2507 x.)
698 2451 747 2509 dls;
763 2452 860 2498 minime
870 2458 950 2499 sutem
961 2453 985 2499 in
996 2453 1160 2499 denuntiando
1169 2454 1222 2499 bel-

167 2533 177 2559 f
195 2524 278 2571 licina
286 2526 386 2572 nuno
393 2525 435 2586 qui
445 2529 504 2571 nnn
512 2525 649 2587 repnisola]
698 2526 731 2572 lo.
758 2527 805 2573 Sed
815 2528 861 2573 hoc
870 2528 957 2573 falsum
968 2542 1027 2584 esse,
1037 2529 1184 2574 ostendimus
1194 2528 1220 2573 in

123 2600 211 2647 Similis
221 2601 370 2647 denuntiatio
383 2606 421 2647 est
436 2601 460 2647 in
475 2602 649 2663 Batrachomp·
699 2599 765 2646 Nota
785 2605 867 2647 nostra
888 2601 983 2646 Gallica
1001 2602 1032 2646 ad
1053 2602 1117 2647 hunc
1135 2601 1223 2647 locum.

122 2676 240 2733 omelia,
251 2676 325 2736 (vers.
339 2679 391 2734 135,
400 2682 422 2724 et
431 2676 511 2737 seqq.)
522 2683 548 2723 et
557 2678 582 2722 in
592 2677 650 2723 Asn-
699 2675 840 2734 Postquam
850 2674 964 2733 scriptam
973 2674 1023 2720 lasti
1033 2675 1172 2720 videbamus
1182 2689 1226 2719 no·

121 2751 248 2810 pleitruone
264 2750 346 2798 Plauti
361 2751 438 2798 initio.
468 2752 537 2809 (Act.
547 2765 565 2799 1.
582 2753 620 2798 Sc.
632 2751 648 2798 i.
699 2749 791 2794 bissum
800 2749 928 2794 facientem
936 2749 1021 2795 Virum
1032 2749 1225 2807 eruditissimum,

125 2839 184 2873 vers.
190 2826 240 2884 51).)
264 2824 330 2873 Vide
339 2826 522 2883 elesmaram,
533 2826 651 2874 Lib.xxr.
700 2823 826 2869 Josnunu
838 2823 965 2879 lessius,
978 2823 1001 2867 in
1012 2822 1187 2869 Dissertations
1197 2824 1227 2869 de

169 2898 180 2927 ⁶
195 2900 249 2946 Hoc
259 2899 651 2962 lonpeaueroulienissisnurnopi·
701 2896 836 2943 Feeialibus
846 2897 936 2956 Populi
946 2897 1056 2953 Romani,
1072 2911 1125 2957 cap.
1137 2898 1159 2946 6.
1173 2913 1227 2958 qua

126 2973 229 3019 nabetur
241 2974 269 3021 V.
277 2973 306 3021 c.
313 2972 372 3022 cic.
380 2975 548 3031 Gnonovrus,
558 2975 583 3018 in
592 2974 650 3022 Not.
701 2987 757 3033 pars
774 2978 811 3019 est
831 2973 929 3021 Ferculi
947 2975 1060 3032 literani,
1079 2989 1142 3021 anno
1159 2977 1227 3025 1117.

126 3046 158 3091 sd
170 3046 221 3091 Lis.
232 3058 251 3093 1.
262 3048 483 3108 32hscprsscipue
494 3050 586 3095 ratione
597 3048 650 3093 nix·
701 3049 826 3109 propositi.
857 3050 885 3096 J.
898 3052 931 3097 B.

126 3134 164 3176 ns,
184 3121 249 3179 quod
269 3121 347 3167 Patris
367 3124 460 3170 Patrati
481 3124 558 3169 omnis
578 3137 652 3182 opera
745 3124 817 3171 ·Aut
833 3139 862 3171 sa
879 3125 979 3186 deliquit
996 3128 1046 3187 ipse
1063 3142 1117 3187 ques
1132 3144 1226 3189 plenam

127 3209 232 3256 musque
242 3196 389 3244 selummodo
399 3198 507 3244 fueritin
514 3198 651 3257 jurejuran-
701 3198 829 3259 sacrentur]
846 3201 990 3260 Exemplum
1005 3202 1058 3250 ride
1073 3205 1138 3265 apud
1154 3206 1226 3253 Bem-

128 3271 159 3316 do
169 3271 286 3332 pstrsndo
297 3277 322 3319 et
331 3272 428 3320 toederis
442 3272 537 3332 legibus
547 3272 650 3318 recitan·
701 3273 759 3320 bum
768 3274 830 3320 libro
842 3287 888 3321 vn.

127 3485 249 3542 iormnls
270 3485 416 3558 requiring
440 3485 503 3543 that
526 3488 575 3543 the
598 3488 693 3560 things
717 3489 753 3544 be
778 3489 902 3552 restored,
925 3487 1049 3559 satisfied,
1072 3485 1150 3556 picen
1170 3504 1225 3557 np:

128 3572 221 3628 where
245 3574 324 3643 piusn
348 3591 396 3643 up,
418 3590 449 3627 ss
471 3590 512 3628 wc
535 3573 607 3628 have
631 3573 782 3630 elsewhere
803 3573 959 3645 explained,
977 3573 1001 3626 is
1023 3578 1053 3626 1ο
1070 3571 1107 3625 be
1125 3572 1229 3627 under·

128 3659 210 3713 stood
230 3658 294 3713 that
314 3656 364 3713 the
386 3674 502 3730 persons
521 3660 687 3715 summoned
704 3677 770 3731 may
787 3660 823 3714 be
841 3659 959 3713 allowed
979 3665 1009 3713 1ο
1027 3657 1123 3730 prefer
1136 3658 1229 3713 them·

128 3743 217 3799 solves
231 3743 383 3815 punishing
396 3744 446 3799 the
460 3746 550 3817 guilty
563 3762 675 3818 person.
713 3746 781 3800 This
794 3746 915 3800 demand
930 3761 986 3800 was
1001 3745 1091 3800 called
1108 3746 1229 3816 clavipo-

129 3829 196 3892 tion,
214 3846 245 3882 as
257 3830 342 3901 Pliny
356 3831 480 3885 testifica.
524 3832 577 3886 We
595 3831 666 3887 hare
681 3833 709 3886 in
724 3833 794 3903 Livy
808 3850 826 3887 a
847 3833 1021 3887 conditional
1038 3832 1226 3887 declaration:

130 3913 195 3967 that
208 3915 260 3967 this
273 3914 375 3987 injus-p,
388 3926 477 3988 accept
497 3918 519 3971 it
535 3935 603 3972 suere
623 3920 755 3973 remed-iul
774 3921 807 3991 oy
822 3920 891 3974 tlose
905 3920 963 3973 uto
978 3920 1034 3972 nac
1047 3919 1114 3971 done
1127 3919 1157 3980 it,
1171 3919 1230 3986 they

131 3999 277 4054 themselves
290 4002 380 4056 wotsld
392 4004 482 4073 repel:
504 4003 560 4057 and
576 4005 605 4056 in
620 4004 742 4068 Tacitus,
756 4014 843 4075 accept
857 4006 916 4075 they
930 4013 1006 4058 ascet
1015 4004 1189 4073 punishment
1200 4001 1237 4068 os

131 4086 173 4139 tle
198 4085 333 4155 offenders,
354 4089 385 4143 lte
405 4090 498 4143 would
519 4089 596 4143 mulce
614 4107 633 4142 a
652 4090 838 4159 promiscuons
858 4090 1002 4157 sloupltter.
1040 4085 1105 4139 And
1128 4086 1159 4137 in
1181 4083 1231 4138 the

129 4187 208 4226 same
229 4189 290 4244 way
310 4173 339 4226 in
356 4173 406 4228 the
425 4175 564 4247 Supplices
583 4174 616 4229 cf
631 4173 799 4244 Euripides;
817 4172 872 4226 and
895 4173 1002 4225 Statius
1023 4171 1053 4223 in
1069 4168 1112 4222 his
1133 4185 1230 4223 narra·

130 4259 191 4312 tion
206 4258 239 4313 oi
250 4257 300 4314 the
313 4277 391 4315 same
406 4270 510 4315 matter
524 4262 554 4314 in
567 4260 617 4314 tho
634 4259 753 4315 Thebais.
798 4256 932 4329 Polybius
947 4255 1015 4310 calls
1029 4254 1085 4309 this
1103 4255 1232 4310 mond-

128 4345 176 4415 inp
188 4346 375 4418 satisfactione
399 4346 450 4401 the
464 4347 511 4401 old
526 4348 661 4409 Romans,
673 4345 815 4400 condicere.

182 4430 208 4485 A
221 4447 294 4503 pure
309 4431 482 4490 declaration
496 4433 521 4488 is
535 4432 644 4489 whatis
659 4429 810 4504 especially
824 4429 914 4487 called
928 4428 1048 4485 indictio.
