2986 5048
326 297 389 360 108
494 301 1235 368 nnouennceuleumn1unuuocnuus
1284 301 1433 376 [Imm.

161 495 293 578 pessus
325 470 460 557 pretium
482 470 562 537 dixit
584 469 722 535 muneri:
748 493 816 536 eone
835 472 955 535 οἰοιιιιιιι
979 472 1039 536 boo
1058 483 1123 537 esto
1144 472 1234 538 vobis
1255 475 1296 538 do
1311 476 1433 558 proedo

161 598 307 646 semesos.
325 573 464 636 bostium
482 572 627 635 Domini.
669 569 834 646 Nimirum,
853 579 888 634 ut
910 569 1030 635 Soueen
1046 569 1135 647 dixit,
1153 570 1343 638 militaribus
1358 573 1432 639 viris

160 645 191 682 ῃ
325 669 578 757 speciosissimum
606 677 654 735 est
680 669 807 735 divitem
836 667 970 754 aliquem
995 669 1100 755 spoliis
1125 669 1289 736 hostilibus
1314 672 1429 738 faeere.

325 771 461 835 Exstant
481 777 514 834 et
530 767 643 834 divinae
668 769 754 857 leges
771 768 810 834 de
827 768 936 855 preeds
959 767 1127 834 dividends
1150 769 1247 836 Num
1264 772 1358 837 xxxi
1376 772 1429 841 27

162 881 260 930 moen.
267 893 288 932 e
325 868 371 935 Et
388 868 479 934 Philo
504 867 585 934 iuter
601 868 686 933 diros
707 866 785 955 legis
801 889 868 932 esse
885 866 930 932 sit
954 876 990 932 ut
1005 889 1083 955 ager
1099 868 1140 933 ab
1163 869 1304 935 hostibus
1326 871 1429 936 deme-

161 929 226 968 w
325 977 421 1044 tetur,
441 966 524 1033 unde
538 967 634 1083 sequi.
642 963 738 1044 λιμὸν
753 996 811 1047 μεν
828 967 950 1058 φίλοις,
968 960 1153 1060 ἕχθροῖςδὲ
1172 971 1374 1062 περιουσίαν,
1393 974 1428 1037 in

323 1070 542 1153 senescentem,
560 1069 689 1152 copiam
705 1068 857 1132 hostibus

400 1167 444 1232 ΙΙ.
486 1169 505 1232 l
542 1165 719 1232 Ceterum
706 1187 779 1252 June
794 1166 933 1254 gentium
950 1189 1013 1232 nen
1036 1176 1158 1234 tentum
1174 1167 1200 1234 is
1217 1168 1272 1255 qui
1289 1191 1330 1235 ex
1341 1169 1428 1257 juste

324 1289 418 1333 enuss
436 1265 551 1332 bellum
570 1265 662 1354 gerit,
683 1265 739 1331 sed
761 1274 794 1330 et
815 1265 916 1350 quivis
937 1265 970 1331 iu
992 1266 1073 1333 bello
1095 1268 1212 1333 solenni
1230 1279 1263 1335 et
1279 1269 1347 1335 siue
1367 1271 1428 1336 line

324 1369 477 1453 modoque
493 1364 634 1431 domiuus
650 1366 686 1431 fit
698 1386 803 1430 eorum
821 1387 892 1450 quae
909 1365 991 1431 hosti
1004 1366 1104 1453 eripit,
1121 1389 1158 1432 eo
1173 1389 1264 1434 seusu
1281 1368 1428 1435 nimirum

325 1476 394 1533 utu
411 1465 556 1555 gentibus
573 1464 713 1530 omnibus
728 1473 761 1529 et
785 1464 851 1551 ipse
867 1474 900 1531 et
916 1465 970 1550 qui
991 1465 1032 1530 nb
1048 1486 1086 1531 eo
1109 1466 1232 1532 titulum
1248 1468 1378 1546 hebent,
1395 1469 1426 1533 in

324 1564 515 1653 possessione
539 1586 644 1631 rerum
668 1563 776 1630 talium
799 1564 906 1629 tuendi
929 1563 1012 1631 siut:
1030 1566 1113 1650 qued
1133 1565 1302 1632 dominium
1322 1569 1427 1653 quood

160 1673 251 1759 ¹me
206 1700 313 1805 ‚lm-cm
269 1665 452 1733 vueffectus
468 1672 614 1731 externos
629 1664 702 1730 lieet
721 1663 889 1750 appellere
942 1664 1046 1752 Cyrus
1064 1665 1148 1790 apud
1166 1666 1426 1753 Xenophontem.

159 1766 266 1814 Ml
326 1762 419 1845 νόμος
445 1761 483 1833 ἐν
508 1768 607 1834 πᾶσιν
627 1761 806 1885 ανθρώποις
833 1755 970 1836 ἀΐδιοι·
954 1791 1057 1840 εστιν,
1084 1761 1168 1834 ὅταν
1194 1763 1426 1844 πολεμονντων

324 1861 423 1934 τόλιι
444 1863 525 1952 α’λῷ,
546 1869 613 1932 τῶν
637 1859 781 1932 ελόντων
803 1864 883 1930 εἶναι
907 1859 952 1930 ‘td
977 1860 1147 1956 χρήματα·
1174 1866 1224 1931 len·
1244 1879 1292 1931 est
1309 1870 1425 1953 sempi-

324 1975 418 2029 terno
434 1967 520 2029 inter
534 1966 685 2038 immines,
702 1974 804 2047 οαρια
815 1965 958 2028 boetium
974 1965 1059 2038 urbe,
1077 1966 1247 2031 eorundem
1263 1988 1316 2031 ree
1328 1979 1425 2053 atque

160 2071 268 2158 ”ml
318 2065 478 2151 pecunias
494 2064 612 2127 victori
628 2063 743 2126 cedere.
785 2061 876 2126 Plato
893 2061 992 2128 dixit:
1019 2059 1131 2130 πάντα
1157 2065 1224 2130 τῶν
1248 2061 1426 2142 νικωμένων

176 2173 217 2202 ⁰⁸¹¹
226 2173 251 2202 m
321 2157 440 2251 ἁγαθοὶ
464 2161 531 2226 τῶν
557 2157 714 2229 νικώντων
738 2160 933 2249 γίγνεσθαι,
961 2165 1044 2227 bena
1072 2185 1145 2248 quoe
1172 2166 1278 2230 mooe
1306 2166 1425 2230 habuit

158 2265 250 2355 pppis
254 2275 275 2313 e
322 2262 434 2326 emnia
449 2260 583 2324 victorie
600 2261 699 2342 stoi:
725 2258 778 2344 qui
795 2267 828 2324 et
846 2259 919 2324 olibi
942 2259 1024 2326 inter
1042 2283 1159 2349 genens
1175 2262 1263 2349 qussi
1287 2265 1426 2329 naturali

157 2337 240 2395 ’Μ
321 2355 527 2443 acquisitionis
543 2356 653 2423 statuit
665 2353 851 2438 τολεμικην,
864 2380 957 2443 quem
970 2367 1004 2425 et
1019 2357 1219 2458 ληστικῆιῌ
1199 2390 1426 2451 uywvsowmyo

322 2466 354 2523 et
365 2484 558 2549 χιιρωτικηο
570 2465 668 2522 voest.
703 2456 935 2522 Assentientem
948 2458 1028 2524 hee
1020 2481 1052 2524 ιιι
1065 2482 1101 2525 re
1116 2460 1234 2526 hebens
1246 2483 1316 2526 eum
1330 2483 1425 2549 quem

155 2571 284 2665 foppffi
321 2557 385 2623 dixi
402 2556 650 2642 Xenophontem,
668 2556 752 2642 opud
769 2578 860 2642 quem
878 2557 1111 2645 Euthydemum
1130 2559 1298 2625 Soorstes
1289 2571 1425 2627 interro·

319 2656 424 2772 gando
446 2678 483 2721 eo
506 2656 657 2743 perducit,
681 2665 717 2722 ut
738 2655 871 2742 spoliare
888 2677 951 2720 uon
968 2678 1091 2745 semper
1107 2657 1254 2745 injustum
1273 2659 1423 2740 fetentur,

319 2766 355 2824 ut
371 2756 397 2821 si
414 2757 446 2822 in
462 2757 582 2822 hostem
598 2756 631 2823 id
648 2757 711 2822 fist.

154 2867 291 2910 teste-t
394 2859 414 2922 2
449 2857 512 2923 Sed
537 2855 709 2923 Aristotele
734 2877 857 2942 quoque
881 2852 1041 2923 suetoned
1060 2851 1155 2934 νόμος
1180 2853 1344 2949 ὁμολογία
1369 2889 1423 2934 τις

317 2950 422 3034 ἐστὶν,
444 2953 479 3024 ἐν
503 2949 594 3044 nied
616 2952 702 3024 κατα
721 2954 868 3031 πόλεμον
892 2950 1099 3047 κρατούμενα
1121 2957 1188 3023 τῶν
1210 2953 1423 3050 κρατούντων

375 3133 386 3158 e
400 3125 474 3184 Apud
488 3124 645 3170 Plutarchum
662 3126 687 3169 ιἰι
702 3125 753 3170 vita
768 3125 845 3171 Ales·¹
933 3125 1280 3190 ιΑιιιτιίιιιιιιιιίὸιὶἱι“]ἰιι“α]
1296 3130 1421 3180 Diodorus

316 3197 399 3256 andri]
419 3198 511 3244 Ibidem
528 3199 645 3242 νικῶνται
662 3199 840 3255 προσκτᾶσθαι
889 3201 984 3248 Siculus
994 3203 1122 3263 Excerpts's
1133 3204 1294 3251 Peimnianis
1303 3207 1420 3268 segmen

316 3272 356 3317 και
371 3270 406 3317 τά
422 3271 474 3317 τοῖν
488 3269 625 3328 πολεμίων·
640 3270 755 3317 uincentes
770 3274 841 3320 etiam
888 3277 922 3324 τιὶ
940 3277 981 3324 esa*
997 3279 1049 3325 τῶν
1065 3278 1153 3324 ὃπλων
1170 3279 1296 3335 κτηθέντα
1315 3284 1356 3342 τῆ
1370 3284 1420 3329 τοῦ

314 3361 344 3393 ea
350 3361 403 3408 quoe
412 3348 570 3394 hostiummnt
576 3345 623 3392 ss'ts'
628 3346 759 3406 acquirere.
770 3348 840 3409 (Peg.
887 3351 1000 3411 πολέμου
1011 3351 1086 3412 νόμῳ,
1097 3355 1132 3412 yssi
1140 3354 1271 3412 προέσθαι·
1281 3370 1332 3416 qu
1341 3357 1420 3402 mie

315 3423 404 3483 6841.)
887 3427 986 3486 ᾳναιίια
994 3432 1067 3473 mest
1075 3432 1097 3474 et
1102 3433 1180 3488 parto
1189 3429 1369 3489 belltjurqson
1377 3431 1420 3477 ἀι·-

314 3695 352 3733 nn
364 3697 473 3753 enemy.
511 3682 603 3737 Thero
617 3698 666 3736 nro
678 3681 737 3735 nlse
749 3679 842 3734 divine
852 3679 918 3732 lewe
934 3679 1104 3748 concoming
1122 3676 1172 3732 the
1191 3676 1311 3732 division
1324 3676 1359 3731 of
1367 3676 1418 3732 the

314 3765 395 3834 spoit,
409 3767 496 3820 Num.
512 3768 584 3822 xxxi.
598 3771 641 3822 27.
686 3766 752 3820 And
764 3765 847 3819 Philo
866 3780 928 3835 ssys
941 3763 1004 3818 thet
1015 3764 1039 3817 it
1052 3764 1076 3818 is
1090 3778 1193 3832 among
1205 3761 1254 3817 the
1271 3779 1367 3818 canses
1386 3763 1421 3818 οι

315 3848 365 3903 the
387 3849 448 3914 lew,
467 3851 530 3905 thet
549 3853 598 3907 tho
618 3852 684 3907 lsnd
700 3851 737 3906 be
750 3849 908 3922 plundered
923 3849 960 3921 by
971 3848 1021 3903 the
1039 3865 1151 3922 enemy,
1165 3847 1281 3904 whence
1295 3854 1372 3904 went
1384 3854 1416 3904 to

314 3933 422 3989 hiends
437 3935 493 3989 eud
507 3937 673 3992 ebundenno
687 3943 718 3992 to
732 3936 864 3991 enemies.

367 4020 406 4075 11.
443 4026 457 4075 1
480 4022 538 4076 But
558 4022 596 4095 by
613 4024 663 4078 the
683 4024 763 4077 Laws
786 4020 820 4076 of
836 4019 965 4084 Nstions,
988 4025 1040 4074 not
1061 4018 1127 4092 only
1146 4019 1183 4075 he
1205 4017 1267 4074 who
1288 4017 1336 4074 for
1354 4021 1416 4090 just

313 4123 398 4163 enuse
413 4108 516 4163 osrries
531 4124 568 4165 on
581 4124 600 4163 s
615 4125 679 4173 wer,
698 4108 751 4163 but
764 4124 821 4178 nny
837 4123 900 4172 one,
917 4107 947 4160 in
965 4123 983 4160 s
1000 4106 1112 4177 regular
1131 4122 1197 4170 wer,
1214 4122 1280 4176 mey
1295 4104 1416 4160 without

313 4191 386 4249 limit
401 4211 434 4249 or
447 4211 575 4251 mensure
589 4195 655 4249 teko
669 4195 726 4249 eud
748 4193 928 4264 appropriate
951 4192 1025 4247 whnt
1045 4191 1162 4263 belongs
1183 4198 1213 4245 ιο
1233 4191 1284 4246 the
1305 4207 1415 4263 enemy.

313 4283 344 4332 to
358 4279 414 4335 this
436 4281 528 4346 effect,
549 4280 612 4336 thet
626 4279 695 4335 both
715 4279 752 4334 he
766 4278 823 4333 sud
846 4278 927 4334 those
942 4278 1005 4333 who
1020 4277 1115 4333 derive
1139 4276 1214 4332 their
1230 4277 1292 4332 title
1312 4282 1343 4331 to
1364 4275 1415 4331 the

312 4371 447 4436 property
463 4366 538 4422 from
559 4366 619 4420 him
637 4380 687 4421 ere
710 4370 742 4420 to
764 4363 802 4419 be
824 4363 965 4419 defended
985 4364 1016 4418 in
1038 4364 1196 4434 possession
1216 4362 1338 4418 thereos.
1374 4363 1414 4417 So

311 4443 475 4520 Xenophon
487 4450 543 4505 sud
566 4451 650 4506 Pluto
670 4465 720 4522 ssy
733 4448 798 4504 thet
814 4448 845 4503 ιιι
858 4465 916 4504 wss-
938 4448 977 4503 ull
994 4448 1044 4503 the
1066 4455 1202 4522 property
1224 4448 1258 4503 οι
1274 4447 1324 4505 the
1345 4463 1414 4505 een·
