2986 5048
133 281 203 336 (ιιι).
219 277 286 347 ΙΧ.]
516 279 569 334 DE
591 279 853 336 POSTLIMINIO.
1173 274 1233 342 171

131 464 227 529 quam
254 463 317 528 quo
342 441 424 507 idem
453 441 576 509 dixerat
603 443 801 530 Pomponius.
852 445 891 508 Iu
912 465 989 530 paee
1004 442 1235 530 postliminium,

133 541 193 607 uisi
214 541 308 607 aliter
332 541 520 619 convenerit,
538 551 586 608 eet
602 534 678 608 ιιιιίι
698 542 752 628 qui
772 563 835 606 non
856 541 973 608 uirtute
998 542 1107 608 bellica
1128 564 1236 629 super-

134 640 189 716 ati,
224 640 282 705 aed
314 639 381 705 lato
413 661 469 705 suo
503 640 709 727 ¹deprehensi
740 649 821 720 sunt,
857 649 893 706 ut
928 641 983 726 qui
1019 663 1088 707 oum
1120 641 1235 708 bellum

134 738 236 804 subito
260 738 378 804 exarsit
403 737 489 824 apud
514 739 620 804 hostes
644 734 853 826 reperiuntur.
905 739 987 804 Aliis
1011 749 1115 806 autem
1139 741 1235 826 capti·

134 836 184 902 vie
200 836 234 902 in
259 857 336 923 pane
360 836 581 924 postliminium
606 858 668 902 non
695 847 752 914 eet,
777 830 854 902 inisi
879 837 929 903 ’id
950 838 1049 924 pactis
1068 846 1138 903 erat
1153 861 1235 904 oom-

134 935 332 1021 prehensum,
358 943 394 1001 ut
419 935 534 1021 optime
557 957 628 1001 eum
653 935 855 1024 Tryphoniui
879 936 980 1002 loeum
1000 936 1146 1003 emendat
1161 938 1235 1002 doo-
1247 955 1346 999 &nun

135 1033 271 1099 tissimus
286 1035 399 1100 Petrus
416 1034 530 1110 Faber,
553 1056 616 1099 non
631 1026 827 1120 improbante
849 1035 995 1122 Oujaoio=
1020 1058 1093 1101 nam
1117 1036 1177 1100 hoo
1202 1046 1236 1103 et

134 1131 274 1219 subjecta
289 1132 370 1198 ratio
387 1140 420 1198 et
436 1133 608 1218 oppositum
622 1135 794 1199 membrum
808 1143 918 1220 aperte
934 1134 1088 1201 evincunt.
1114 1137 1235 1201 Pacem

126 1232 257 1316 fecerat
273 1232 416 1316 eaptivie
431 1234 585 1307 dimmeie,
597 1234 649 1297 ita
665 1235 750 1298 enim
763 1245 957 1309 οοιιοοιιοοοι,
972 1233 1074 1319 inquit
1086 1234 1233 1300 Zonaras.
1247 1255 1307 1296 rom.
1316 1263 1352 1295 m.

135 1329 182 1394 Et
197 1329 406 1415 Pomponius:
430 1332 462 1395 ei
478 1333 638 1416 emptione,
656 1333 696 1396 de
707 1353 769 1414 qno
784 1334 822 1396 in
831 1354 917 1416 paee
929 1334 1185 1416 oautnmfieerat
1199 1344 1235 1397 nt
1248 1360 1274 1397 n.
1283 1359 1313 1397 ιο.
1323 1359 1350 1397 n.
1360 1358 1386 1397 ee

135 1430 267 1505 rediret,
279 1449 340 1493 eae
361 1429 526 1494 voluntate
546 1432 637 1515 opud
655 1431 759 1496 hostes
779 1432 915 1506 maneit,
936 1453 999 1496 non
1016 1442 1062 1496 eet
1079 1433 1236 1514 ripoatea
1247 1405 1302 1452 ⁰⁰⁹²

129 1527 380 1611 postliminium
414 1527 549 1593 Pauluez
563 1530 645 1592 siin
662 1529 741 1594 bello
756 1540 872 1613 eaptus
893 1551 977 1612 paee
981 1532 1085 1614 facta
1107 1531 1237 1594 ἀοοιιιοι
1249 1547 1343 1588 nean
1354 1547 1386 1587 ιιι

135 1627 267 1709 refieqit,
288 1626 493 1710 postliminio
508 1628 593 1691 redit
613 1628 660 1690 ad
674 1648 745 1691 enm
763 1649 788 1691 a
808 1649 873 1711 qno
884 1629 998 1711 priore
1022 1628 1102 1692 bello
1120 1639 1238 1710 captae

136 1733 232 1787 erut:
257 1726 288 1790 ei
309 1726 403 1789 modo
427 1746 491 1789 non
516 1727 697 1791 convenerit
721 1727 759 1790 in
782 1746 876 1810 pace,
903 1738 943 1790 ut
972 1726 1097 1809 captiui
1125 1727 1237 1791 rodde-

136 1830 260 1886 rentur.

213 1921 235 1984 2
271 1919 404 1986 Οοιιιοιιι
426 1942 481 1986 our
506 1920 618 1986 dehis
642 1920 696 2007 qui
722 1919 832 1986 bellioa
858 1920 976 1986 uirtute
1000 1919 1083 2007 oapli
1105 1929 1178 1987 sunt
1202 1919 1236 1988 id

136 2015 288 2105 plaouerit
302 2040 341 2083 ex
360 2019 470 2085 Servio
489 2020 571 2086 hano
587 2020 679 2085 affert
691 2018 924 2106 Tryphoninus‚
938 2022 1020 2106 quia
1032 2042 1120 2103 spem
1133 2043 1237 2086 reuer-

139 2118 229 2182 tendi
247 2119 372 2184 civibus
390 2120 427 2184 in
443 2121 564 2184 virtute
579 2120 695 2184 bellica
711 2121 819 2203 mapis
836 2141 934 2203 qnam
948 2122 985 2184 in
999 2141 1081 2204 paee
1094 2121 1238 2184 Romani

137 2236 204 2280 esee
220 2217 401 2292 volumnt,
418 2215 563 2281 nimirum
580 2225 617 2281 ut
632 2215 740 2282 Livius
757 2216 895 2302 loquitur
911 2218 952 2283 ab
968 2217 1096 2304 antiquo
1113 2216 1238 2282 minime
1250 2236 1393 2278 nauum

137 2310 303 2402 indulgens
319 2313 352 2379 in
368 2313 509 2401 captivos
525 2314 643 2381 civitas.
678 2315 742 2381 Sed
757 2315 825 2380 haeo
841 2314 922 2381 ratio
939 2317 1152 2381 Romanorum
1166 2337 1239 2402 pro·

137 2487 310 2536 Alemauornm
322 2488 460 2534 Suomario:
472 2501 557 2547 paoern
568 2487 664 2547 emtam
713 2487 766 2535 ma.
781 2486 850 2535 Edit.
860 2487 922 2548 Rea.
951 2488 1020 2534 Idem
1030 2490 1149 2546 eutlooue,
1163 2489 1239 2549 quiin

137 2563 243 2610 οιινοοιίο
252 2563 349 2608 eredat.-
365 2567 448 2608 ettam
461 2563 665 2610 mmemmemiene
714 2565 830 2607 oontextn
850 2562 931 2621 paullo
947 2567 1004 2621 post
1018 2562 1093 2609 latine
1109 2562 1239 2624 adfer-tun]

133 2635 666 2696 preteritorumonmmnleqamcep-
714 2635 811 2682 Nlootas
828 2635 889 2680 libro
902 2648 932 2684 ιι.
949 2636 1013 2694 (etp.
1027 2637 1053 2693 3)
1071 2637 1170 2694 eaptiris
1187 2650 1239 2682 om-

137 2710 315 2758 tinooredderet
324 2715 424 2757 ιιοιιτοι.
444 2709 666 2769 (Cap.10.p.188.)
713 2709 784 2755 nibus
806 2708 942 2754 libertatem
963 2711 999 2754 ait
1022 2709 1111 2765 datam,
1133 2711 1241 2769 exeeptis

138 2785 199 2831 Mox
214 2785 246 2830 de
262 2785 377 2831 Sarmatis
386 2799 392 2831 ι
402 2783 468 2841 jassi
483 2784 586 2829 obtinere
600 2783 666 2830 aeda
715 2783 847 2830 Corinthiis
857 2788 882 2829 et
892 2783 1014 2828 Thebanis
1023 2782 1079 2827 viris
1092 2797 1120 2828 eo
1134 2784 1241 2828 mulierl-

137 2858 255 2918 impavidi
278 2862 371 2904 ιιοεινοο
393 2858 519 2905 reddidere
543 2857 664 2916 captiuos:
714 2857 768 2904 bus.
797 2856 923 2902 Interdum
937 2857 1049 2902 oouvenit
1064 2861 1093 2902 nt
1109 2857 1242 2904 reddantur

137 2933 214 2993 (Cap.
224 2931 273 2993 Π.)
289 2933 320 2979 de
334 2933 382 2980 alia
393 2947 489 2980 rursum
504 2933 666 2979 Sarmatarum
714 2929 803 2990 captivi
818 2930 860 2989 qni
875 2944 891 2977 a
904 2930 1028 2990 republica
1039 2930 1199 2989 possidentur,
1212 2933 1242 2977 ut

138 3008 282 3069 perteidem
292 3008 359 3054 dicit.
388 3008 464 3067 Apud
475 3007 593 3053 Zonaram
604 3005 668 3051 mul·
714 3004 779 3063 apud
789 3004 952 3064 Thnoydidem
962 3017 986 3050 v.
999 3004 1064 3063 (αι).
1074 3003 1125 3064 18.)

139 3088 167 3130 ta
182 3083 253 3130 talla:
274 3083 338 3129 luter
353 3086 433 3128 oetera
448 3082 473 3126 in
486 3082 558 3128 rebus
574 3080 667 3126 Micha-
759 3077 770 3107 ¹
785 3078 856 3124 liano
865 3079 1065 3136 emendationem,
1074 3079 1108 3136 id,
1118 3092 1163 3139 pro
1172 3079 1242 3138 nillil,

140 3157 242 3217 alisqui
258 3156 322 3203 lilius
340 3155 476 3216 Theophili,
498 3156 529 3200 de
560 3154 667 3213 Bidgaro
715 3153 872 3199 neemsariam
882 3167 931 3199 uon
941 3167 1000 3210 ease,
1010 3155 1116 3200 ostendit
1126 3155 1242 3214 Ampliat.

139 3232 255 3291 loqueum
269 3234 328 3277 τοὺς
342 3229 520 3290 οιχμαλιότονο
533 3227 668 3287 ιλουθορῶ-
716 3226 943 3285 Βιιιοιιιιιιιιοιιιι,
962 3227 1019 3275 Otr.
1035 3227 1089 3278 Lib.
1101 3244 1119 3276 1.
1135 3241 1189 3288 cap.
1202 3229 1241 3276 20.

141 3323 185 3352 σοι
195 3305 321 3352 wulfino·
330 3305 441 3364 promitit
451 3304 552 3363 captivis
562 3316 586 3349 ta
596 3303 668 3348 datu·
715 3302 744 3348 J.
757 3301 790 3348 Β.

140 3379 342 3427 resolidatam.
374 3376 502 3438 [unm.
514 3390 596 3436 capa.
610 3389 666 3436 pag.

142 3625 182 3681 So
195 3624 394 3697 Triphoninue,
404 3625 561 3691 emendede
582 3625 638 3680 and
654 3627 785 3680 Zonaras.
830 3624 1003 3696 Pomponius
1017 3639 1088 3695 says,
1103 3624 1142 3695 If
1150 3641 1169 3678 ο
1181 3627 1244 3697 pet.

140 3712 436 3782 maswanbeinp
454 3712 567 3766 allowed
585 3713 619 3782 by
638 3719 725 3780 treoty
744 3711 1161 3775 toretmmclooeertornnoin
1179 3713 1245 3766 witls

141 3798 183 3852 tle
196 3813 296 3866 many,
305 3797 336 3851 le
347 3796 410 3851 leem
420 3797 626 3867 postliminium.
651 3795 757 3850 Paulus
769 3811 839 3866 says,
853 3797 892 3866 If
899 3813 919 3849 ο
933 3796 1034 3866 eaptiue
1045 3796 1082 3866 os
1089 3814 1158 3861 mur,
1170 3799 1245 3867 nster

137 3898 219 3954 poam
235 3883 259 3936 ie
275 3883 362 3946 οιοάο,
379 3898 481 3953 meapte
503 3890 529 3936 ιο
547 3882 587 3935 lis
608 3883 690 3945 loma
712 3882 746 3951 by
762 3881 960 3952 postliminium
978 3883 1009 3935 le
1030 3891 1182 3936 retentem
1204 3885 1245 3938 tle

140 3975 242 4021 moster
252 3975 279 4020 ιο
290 3968 377 4020 mltum
388 3967 418 4021 le
428 3984 485 4021 maa
495 3967 598 4037 eapnm
608 3967 709 4037 dnriny
721 3967 762 4021 tle
769 3984 838 4031 war,
845 3976 933 4039 enoept
943 3968 1012 4022 llere
1024 3969 1052 4022 bs
1062 3985 1082 4021 ο
1092 3970 1246 4023 oonumtion

142 4052 201 4108 stat
211 4052 325 4123 neptium
338 4068 387 4106 are
400 4061 427 4106 ιο
441 4054 469 4107 to
482 4053 617 4106 returned.

198 4143 216 4191 2
244 4137 307 4192 The
329 4152 430 4192 reason
452 4136 516 4208 why
537 4137 660 4207 eaptires
680 4134 767 4190 taken
788 4135 818 4188 in
838 4151 896 4188 war
916 4150 965 4188 are
986 4133 1052 4189 thus
1074 4133 1192 4188 allowed
1213 4139 1246 4189 to

141 4222 250 4276 remaiu
261 4222 292 4276 in
302 4221 353 4278 the
365 4220 487 4294 enemy's
498 4221 598 4286 hande,
609 4222 633 4275 ie
643 4220 726 4292 given
737 4219 775 4289 by
784 4217 999 4289 Tryphoninne3
1013 4218 1083 4271 Tim
1092 4218 1150 4286 they
1161 4217 1247 4287 miplt

138 4307 217 4380 plane
238 4308 306 4362 metr
327 4303 959 4378 lopeqsretminprotlerinualomtlmn
981 4303 1249 4372 inpotemwaetlo

141 4393 208 4448 mist
221 4394 260 4463 qs
267 4393 309 4448 tlte
321 4393 464 4448 Rolnam:
480 4391 532 4447 the
545 4392 603 4462 oity
617 4391 719 4462 having
736 4388 810 4445 little
830 4386 997 4460 indulgenoe
1011 4387 1057 4442 for
1070 4386 1201 4460 eaptivee,
1215 4403 1247 4445 ιι
