2986 5048
111 308 182 371 Otr.
196 304 264 375 XL]
334 305 631 361 INTERFIOIENDI
652 307 696 361 IN
717 306 842 361 autho
864 307 994 362 JUSTO.
1154 300 1218 364 209

112 469 300 536 Ptolemaeus
333 491 391 535 rex
419 467 582 535 Demetrio
609 466 772 555 significat,
801 465 838 536 οὗ
869 467 945 559 περὶ
977 465 1111 538 πάντων
1135 467 1214 546 ἅμα,
1231 495 1321 537 Plutia

27 576 31 585 '
113 565 191 661 tropi
217 562 311 658 δόξης
333 561 367 635 δὲ
391 567 444 635 nai
469 562 575 659 ἀρχῆς
602 563 815 647 πολεμητέον
832 563 955 636 αὐτοῖς·
981 590 1045 633 nou
1061 571 1101 633 de
1120 543 1336 640 rebmfflefu

112 670 273 744 omnibus,
290 670 348 733 eea
363 669 404 734 dc
420 668 557 752 imperio
578 677 610 730 et
624 667 736 751 pluria
752 668 838 732 intcr
858 667 947 752 ipaoa
964 679 1127 733 certamen
1142 690 1215 735 acea

114 756 251 833 Severus
274 765 376 853 ⁰apud
397 764 633 831 Herodianum:
661 786 734 829 cum
754 766 871 831 bollum
893 767 1050 832 adverae
1070 768 1217 851 Niprum
1229 786 1340 827 traua

111 867 278 951 pessimus,
296 865 423 930 nonita
439 885 521 929 eane
536 865 699 947 pectem
714 864 968 928 inimicitiarum
986 886 1106 930 canuae
1120 867 1217 931 itabe-

116 967 253 1039 bamua,·
281 985 360 1028 nam
378 965 524 1048 positum
548 964 585 1025 in
609 962 714 1026 medio
732 964 963 1047 principatum
987 977 1085 1049 atquc
1107 967 1216 1030 adimo

114 1065 154 1128 in
167 1063 403 1148 duccptationc
423 1073 604 1127 vasantem
614 1062 698 1146 pari
715 1062 842 1126 ambitu
858 1073 990 1147 uterque
1006 1075 1153 1128 nostrum
1168 1066 1216 1129 ad

114 1153 325 1228 retrahebat.

190 1262 213 1325 3
247 1261 339 1347 Soepe
360 1258 457 1325 habet
475 1257 585 1335 locum,
608 1257 692 1343 quod
714 1257 755 1323 de
771 1257 852 1323 bello
871 1258 1004 1325 Caesaris
1026 1268 1059 1326 et
1075 1262 1217 1348 Pompeii

115 1366 164 1424 est
178 1359 264 1445 apud
277 1359 476 1425 Ciceronem:
493 1369 566 1424 erat
582 1358 764 1423 obscuritas
780 1360 952 1441 artadum:
966 1372 1039 1423 crat
1056 1372 1217 1426 certamen
1231 1387 1288 1423 orae.
1296 1395 1337 1432 pro

114 1461 203 1525 inter
228 1458 428 1524 cmmraimoa
453 1459 571 1522 dueta:
601 1457 698 1520 multi
722 1457 927 1532 dubitabant,
954 1459 1036 1542 qnid
1060 1462 1217 1544 optimum
1230 1431 1361 1470 ”mm

113 1567 207 1626 aaa.
252 1555 298 1623 Et
312 1556 395 1642 quod
411 1554 494 1621 idem
510 1553 603 1620 alibi:
621 1557 682 1619 etei
692 1555 808 1639 aliqua
826 1557 924 1639 culpa
940 1568 1081 1621 tutamur
1096 1561 1217 1624 erroris
1230 1582 1336 1622 rausa

114 1656 262 1732 humani,
280 1677 305 1720 a
319 1656 434 1721 amlcrc
450 1666 534 1720 ccrtc
555 1655 687 1719 liberati
703 1675 822 1719 sumus.
863 1655 961 1719 Plane
978 1662 1014 1719 ut
1030 1655 1115 1741 apud
1132 1656 1218 1726 Thu,

116 1753 262 1840 oydidem
289 1753 436 1819 dicuutur
465 1751 556 1819 venia
583 1751 688 1840 digna,
714 1770 785 1834 quse
807 1751 885 1816 fiunt
914 1750 959 1833 μή
986 1749 1338 1832 perincursurum

117 1844 213 1941 δόξης
238 1844 426 1935 δὲμᾶλλον
449 1846 606 1941 ἁμαρτίᾳ.
650 1850 702 1914 De
727 1848 877 1915 Deiotaro
903 1850 986 1916 idem
1011 1850 1064 1916 iile
1090 1853 1218 1924 Cicerae
1232 1882 1339 1935 ortem

116 1974 181 2017 non
196 1952 253 2017 ilie
269 1954 344 2018 odio
361 1953 412 2016 tui
423 1972 623 2036 proyrceaua,
649 1951 706 2015 oca
721 1971 828 2015 erroro
845 1951 1010 2015 communi
1030 1951 1143 2036 lapara
1159 1961 1215 2018 cst.
1230 1927 1351 1966 ΜΝ

118 2049 283 2116 Sallustius
309 2050 342 2114 in
364 2048 520 2115 historiis:
548 2057 655 2116 cetera
676 2048 861 2125 multitudo,
884 2050 976 2133 uulqi
998 2072 1084 2117 mora
1109 2053 1218 2135 maqie
1231 2070 1380 2120 ramma

117 2169 217 2234 qnam
230 2150 374 2234 judicio,
390 2150 576 2234 poetelius
596 2148 703 2213 alium
724 2150 825 2232 quasi
839 2150 1085 2232 prudentiorem
1105 2153 1216 2216 acenti.
1229 2118 1373 2248 ffiiiiiir·

119 2248 213 2325 Quod
229 2249 269 2313 de
285 2248 374 2313 bellis
390 2247 530 2314 civilibus
547 2248 666 2313 Brutus
682 2246 858 2333 scripserat,
876 2255 982 2332 putem
999 2268 1062 2311 uon
1079 2248 1160 2313 male
1176 2248 1218 2313 ad
1230 2270 1380 2355 pagrum

117 2345 267 2432 pleraque
290 2346 372 2412 bella
397 2344 460 2410 alia
484 2345 596 2412 referri
623 2365 732 2431 posse:
764 2347 898 2411 ”acrius
923 2367 988 2412 caeo
1012 2349 1219 2432 prohibenda
1249 2326 1299 2365 μ’

118 2467 219 2530 quam
235 2447 272 2510 in
288 2457 457 2530 superatos
472 2446 684 2510 iracundiam
700 2446 919 2509 exercendam.

185 2544 260 2610 VII.
304 2546 324 2607 1
358 2543 464 2609 Etiam
485 2542 539 2608 ubi
559 2541 682 2629 justitia
704 2543 766 2639 hoq
787 2563 850 2606 uon
876 2543 984 2630 exigit,
1010 2565 1094 2631 saepe
1114 2551 1220 2609 tamen

118 2641 263 2708 convenit
279 2642 421 2721 bonitati,
444 2642 606 2707 qconvenit
622 2639 790 2716 modestia,
808 2642 951 2706 convenit
967 2642 1071 2710 animo
1089 2641 1219 2707 excelso.

118 2743 318 2826 Ipnoaccndo
341 2743 470 2807 anciaco
486 2742 606 2826 popuii
629 2741 774 2804 Romani
796 2741 1063 2821 mapnitudinem,
1084 2740 1129 2805 ait
1152 2738 1220 2803 Sal-
1233 2757 1379 2806 tremus

118 2839 235 2906 Iustius.
288 2838 389 2906 Taciti
416 2847 481 2905 est:
516 2850 643 2924 quanta
669 2838 862 2921 peruicacia
888 2838 926 2901 in
959 2839 1088 2915 horum,
1124 2845 1372 2909 tantamnuuu.

119 3015 234 3076 ἰσοτίμου
248 3015 400 3075 φιλοτιμίας
410 3015 445 3060 ria
455 3011 533 3059 αὑτὸν
544 3010 646 3058 dutcia-
739 3019 751 3053 a
768 3010 881 3058 Cmrmtr
890 3010 1017 3072 medune]
1033 3013 1086 3058 Rex
1095 3012 1219 3059 Theudor-

116 3105 167 3137 κεν.
183 3090 281 3149 optime.
694 3085 762 3132 iohus
769 3087 833 3145 apud
845 3086 1013 3133 Cassiodorum
1020 3099 1051 3137 11.
1058 3090 1096 3134 41.
1107 3088 1152 3135 itta
1162 3088 1221 3135 miti

162 3163 277 3210 uAcriur
291 3175 339 3210 cera
353 3159 511 3221 protn'tcuda¹
528 3173 600 3219 quam
620 3157 645 3205 ia
686 3162 796 3221 feliciter
805 3161 867 3208 bella
873 3163 1221 3224 praemerurt‚quoemcdcrato

118 3243 242 3297 προναΐου
247 3238 395 3286 iracundian
402 3234 564 3296 acromion]
572 3236 645 3282 Bem·
688 3237 740 3296 ‚tim
747 3241 849 3296 peracta
861 3243 922 3294 mm,
937 3238 959 3283 ie
968 3239 1028 3285 mim
1037 3239 1109 3288 uiuat
1118 3238 1221 3298 assidue,

119 3313 214 3360 busrx.
694 3312 897 3371 animatorum
907 3319 1043 3372 temperare.

120 3569 164 3624 for
175 3569 257 3642 glory
270 3569 326 3624 eud
339 3571 455 3643 empire.
494 3572 533 3627 So
550 3572 670 3628 Severus
682 3588 745 3644 says
757 3572 791 3627 of
800 3570 896 3644 Niger.

174 3661 191 3710 3
214 3655 311 3716 often,
331 3672 362 3710 as
381 3657 478 3712 Cicero
498 3673 560 3728 says
578 3657 612 3713 of
628 3656 677 3712 the
692 3675 749 3712 war
763 3658 891 3713 between
906 3656 999 3712 (iasar
1013 3657 1070 3711 aud
1086 3656 1221 3729 Pompey‚

120 3736 170 3794 tho
191 3755 254 3792 case
274 3755 329 3793 was
342 3740 467 3805 obscure,
486 3742 542 3796 aud
554 3736 622 3798 'that
641 3759 726 3816 many
744 3743 870 3798 doubted
884 3740 973 3797 which
989 3759 1045 3798 was
1062 3741 1111 3798 the
1127 3743 1222 3799 better

120 3822 189 3879 side.
227 3822 292 3876 And
307 3824 341 3878 of
351 3825 466 3881 himself
476 3827 513 3882 he
527 3844 598 3900 says,
617 3828 665 3883 We
679 3848 744 3901 moy
757 3839 803 3884 aot
819 3832 916 3904 tafroc
924 3832 1006 3900 from
1020 3831 1123 3884 human
1130 3831 1221 3900 fault,

121 3911 167 3964 but
191 3923 229 3961 we
251 3925 298 3963 are
315 3910 380 3979 free
394 3913 476 3984 srom
498 3914 663 3969 wictedncra.
709 3915 748 3971 So
770 3915 807 3971 he
833 3933 895 3989 says
921 3916 980 3971 also
1006 3916 1039 3972 of
1058 3917 1218 3971 Deiotarus.

121 3995 161 4050 So
182 3993 287 4048 Sallust
309 4009 371 4065 says
396 3996 430 4049 of
440 3995 489 4050 the
508 3998 667 4054 multitudo.
703 3999 789 4054 What
807 4002 912 4055 Brutus
932 4006 1019 4056 wrote
1036 4001 1133 4055 ottho
1156 4000 1221 4054 civil

120 4097 200 4146 wara,
211 4097 275 4152 may
290 4078 327 4136 bo
346 4081 461 4152 applied
479 4086 509 4135 to
530 4081 613 4137 other
626 4098 710 4137 wara:
731 4085 802 4137 Ttat
818 4086 876 4155 ttey
889 4087 947 4139 uto
961 4087 1052 4139 raised
1069 4086 1137 4138 rtem
1154 4100 1223 4139 were

120 4183 193 4221 more
206 4184 310 4238 proper
323 4167 415 4238 adnecte
429 4167 465 4236 qs
473 4183 558 4236 anyer
570 4166 636 4220 than
647 4167 704 4237 they
715 4167 773 4220 wito
784 4184 850 4222 were
860 4170 1007 4238 conparat
1016 4169 1047 4221 in
1059 4170 1135 4222 them.

173 4252 239 4308 VII.
276 4259 291 4307 1
315 4254 394 4307 Even
413 4251 493 4306 when
506 4252 610 4323 justice
631 4249 699 4305 does
720 4255 771 4306 not
792 4252 904 4322 require
924 4268 957 4306 us
978 4258 1009 4306 to
1030 4268 1113 4323 spara
1134 4251 1221 4308 men's

118 4334 187 4393 lives
202 4337 232 4393 in
246 4355 312 4405 war,
326 4339 350 4393 it
361 4339 384 4393 is
399 4337 479 4394 osten
490 4334 638 4409 agreeable
653 4341 683 4392 to
697 4336 843 4408 goodness,
858 4342 888 4391 to
900 4337 1085 4403 moderation,
1098 4344 1129 4393 to
1144 4355 1221 4411 mag·

118 4423 265 4498 nauimity.
302 4425 342 4480 8ο
358 4424 463 4482 Sallust
474 4441 537 4501 says
549 4423 583 4481 oi
591 4439 653 4491 ono,
664 4421 729 4493 that
739 4422 776 4480 hs
787 4424 923 4481 inumera
934 4425 975 4481 tiu
986 4427 1222 4498 orcatnaerfftie
1262 4480 1266 4487 ,

219 4586 416 4681 [aecana]
1077 4542 1120 4606 14
