2986 5048
122 246 190 302 Car.
204 244 253 313 V.]
298 247 352 300 DE
375 247 500 302 REBUS
523 246 740 302 VASTANDIS
763 248 1077 313 ERIPIENDISQUn.
1166 241 1223 304 101

124 411 265 477 Deorum
284 410 414 477 donaria
435 406 522 498 hcapi
544 433 564 475 a
587 409 753 477 victoribus
776 412 876 479 solers
897 413 1016 480 notavit
1033 415 1205 482 Pausanias
1217 441 1224 484 :
1238 431 1361 471 Uetto»

122 521 157 577 et
175 511 284 578 Cicero
300 510 374 576 belli
391 510 491 599 legem
508 511 541 577 id
557 520 657 587 vocat,
676 510 716 576 do
735 512 770 577 P.
790 510 923 578 Servilio
944 515 1092 600 loquens:
1119 519 1223 602 signa,
1236 530 1265 613 ἐς
1276 530 1355 570 rma

122 611 234 697 inquit,
257 623 288 677 et
313 623 501 676 ornamenta
528 633 567 677 aa
594 613 676 676 urbe
702 613 843 676 bostium
867 615 902 678 vi
927 625 956 680 et
978 616 1101 681 cartule
1124 631 1225 702 copto
1260 603 1266 614 ⁸

124 713 202 777 beili
222 712 287 796 lege
310 722 410 796 atque
430 712 643 796 imperatorio
658 712 737 794 jure
756 715 899 778 ructabit.
948 712 1001 779 Sic
1022 713 1127 780 Livius
1147 726 1224 782 tem-
1237 721 1381 765 llam-⁴2

122 811 245 898 plorum
269 818 452 875 ornamenta
469 831 540 896 quas
564 808 728 897 Syracusis
750 811 917 878 Marcellus
939 798 1071 879 Romam
1096 815 1225 882 advexit

117 923 225 996 porto
240 908 284 976 ait
300 909 376 975 belli
393 910 481 992 jure.
526 909 560 975 Ο.
578 907 748 975 Flaminius
764 931 821 996 pro
837 912 882 977 M.
901 912 1030 982 Fulvio:
1054 916 1150 999 aqna
1167 918 1222 981 ab·
1236 919 1377 1006 fflg'ffi·

123 1012 196 1076 lato
216 1021 247 1076 οι
271 1021 379 1076 cetera
396 1011 495 1092 foeta
516 1031 587 1092 quoe
608 1012 717 1096 captis
739 1011 874 1078 urbibus
896 1014 1028 1080 soleuat.
1079 1006 1265 1081 ἱΕἰιΙιίοιιιι

121 1131 244 1197 qnoque
268 1108 301 1174 in
316 1107 460 1174 oratione
482 1107 558 1175 belli
577 1107 631 1194 jus
651 1109 711 1174 hoc
727 1106 827 1195 ipsum
852 1111 998 1198 appellat.
1050 1113 1094 1180 Et
1116 1113 1385 1180 easarnsxuus

120 1209 154 1275 in
178 1209 320 1277 oratione
341 1207 426 1295 apud
450 1206 630 1274 Sallustium
654 1208 794 1275 referens
818 1231 889 1296 qua
913 1211 1002 1278 victis
1024 1213 1124 1279 solent
1146 1213 1222 1280 acci-
1235 1228 1286 1312 ss‘ffi
1294 1229 1355 1268 cato

120 1308 206 1385 dere,
224 1309 312 1396 ponit
328 1317 362 1374 ct
377 1301 474 1374 ¹t'ana
489 1306 624 1395 spoliari.
1286 1304 1290 1312 '

196 1411 220 1473 4
253 1407 338 1475 Illud
354 1417 460 1474 amen
477 1429 587 1475 rerum
603 1415 661 1485 est,
687 1406 713 1472 si
730 1406 841 1494 quoin
858 1407 1020 1476 simulacro
1036 1433 1152 1478 numen
1168 1413 1225 1479 ali·

121 1507 204 1594 quod
218 1506 320 1575 inesse
341 1508 498 1585 credatur,
520 1506 554 1573 id
570 1505 679 1574 violari
698 1518 753 1573 aut
774 1508 930 1595 corrumpi
949 1510 1036 1575 nefas
1053 1512 1094 1576 ab
1119 1511 1157 1576 iis
1172 1511 1224 1598 qui

120 1606 154 1673 in
169 1629 208 1674 ea
223 1607 424 1695 persuasione
440 1607 646 1674 conveniunt:
666 1615 699 1674 ct
715 1607 773 1672 hoc
788 1628 880 1672 sensu
895 1606 1071 1693 impietatis,
1088 1618 1144 1676 aut
1160 1610 1225 1675 laesi

122 1706 217 1772 etiam
243 1706 383 1796 gentium
401 1706 482 1793 juris
507 1717 690 1773 accusantur
712 1705 870 1771 interdum
893 1705 947 1791 qui
970 1706 1045 1772 talia
1067 1709 1225 1775 commise-

123 1814 209 1882 runt,
230 1805 375 1871 nimirum
391 1828 431 1872 ex
448 1806 519 1872 talis
535 1805 686 1894 opinionis
702 1803 863 1892 positione.
902 1803 998 1871 Aliud
1014 1815 1063 1872 est
1079 1805 1105 1871 si
1120 1808 1224 1874 hostes

123 1904 287 1971 nunidem
302 1904 455 1972 sentiant:
480 1904 560 1972 sicut
579 1902 701 1971 Judaeis
722 1926 785 1969 non
807 1902 989 1991 permissum
1011 1914 1143 1984 tantum,
1168 1908 1224 1973 sed

123 2013 156 2071 et
173 2012 363 2092 praceptnm
384 2013 433 2072 est
453 2005 593 2094 gentium
618 2002 782 2070 simulacra
798 2003 943 2069 aboleret
965 2025 1037 2069 nam
1060 2004 1144 2092 quod
1166 2006 1224 2071 sibi
1236 2016 1366 2059 ”wirte

121 2104 262 2192 accipere
283 2113 439 2180 rotantur,
462 2105 495 2171 id
520 2126 588 2170 eam
613 2125 736 2169 causam
757 2103 862 2178 habet,
885 2124 946 2189 quo
971 2103 1070 2193 magis
1096 2105 1224 2172 Hebraei

122 2203 355 2291 superstitiones
369 2203 509 2293 gentium
525 2204 765 2280 detestarentur,
786 2201 973 2289 impuritatis
991 2205 1140 2271 admoniti
1157 2205 1224 2294 ipso

120 2380 152 2426 ad
163 2393 204 2426 ιιι.
214 2384 239 2427 et
248 2379 279 2425 ad
288 2377 451 2426 κλαίω
460 2381 485 2424 οι
495 2377 525 2423 ad
536 2389 586 2423 ιιι.
607 2376 648 2423 Ad
697 2381 792 2437 spectat
811 2381 836 2424 at
852 2378 918 2439 quod
937 2380 1009 2425 modo
1025 2395 1056 2426 ex
1073 2380 1223 2427 Tertulliano

121 2455 229 2515 eclogam
246 2468 303 2502 vero
322 2454 464 2515 septimam:
484 2453 548 2499 douc
566 2453 648 2498 oblato
697 2453 829 2510 attulimus,
845 2459 869 2499 οι
886 2454 993 2514 ejmdem
1009 2455 1054 2501 hoc
1069 2457 1099 2501 ad
1115 2455 1223 2501 nationes

119 2531 253 2577 unanimius
267 2529 359 2576 mdia
373 2543 447 2575 sucro
465 2533 527 2585 οιοιι,
546 2533 568 2574 et
584 2528 648 2574 dono
697 2538 726 2571 ιι.
748 2528 792 2573 Tot
806 2527 889 2573 deiude
902 2528 932 2573 ds
941 2528 1001 2574 Diis
1010 2534 1066 2588 quot
1076 2529 1105 2576 dc
1118 2531 1225 2589 ycntibur

116 2612 217 2666 permut
229 2607 287 2664 diei,
301 2605 415 2665 quomis
428 2618 474 2649 non
480 2604 576 2664 firmat
586 2617 647 2663 pro-
696 2601 825 2660 triumplti:
839 2606 932 2648 monem
941 2607 963 2648 ct
972 2603 1102 2648 rimulam
1112 2603 1223 2661 captiva,-

112 2682 215 2741 sauoto.
245 2680 298 2740 (Ad
309 2694 369 2726 vers.
379 2678 431 2737 31.)
696 2680 719 2723 et
729 2678 1042 2737 utiqueemtluut,quosnou
1049 2682 1138 2724 amant.
1151 2678 1223 2738 (Cap.

164 2756 258 2818 hCupi
267 2754 422 2802 ouirtoribur
430 2751 515 2812 solere]
531 2752 648 2812 Virgilius
696 2751 744 2809 1⁷.)

119 2831 237 2880 AEueidor
246 2845 271 2878 v.
283 2832 358 2890 (vers.
368 2829 441 2885 abui:
740 2824 748 2858 ¹
767 2823 876 2884 Fulvius]
894 2824 956 2872 Vide
969 2823 1094 2884 Polybium
1111 2828 1224 2886 excerpto

142 2906 236 2955 Νοριιιιιι
246 2915 304 2945 nero
314 2904 392 2944 Danau
401 2903 428 2942 da
439 2904 497 2952 poete
506 2902 599 2943 refixum
695 2897 843 2959 legationum
854 2901 892 2946 28.

121 2978 265 3025 Plutarchus
275 2977 350 3023 Fabio
361 2980 452 3031 narrat,
466 2976 561 3034 signum
572 2975 603 3020 ab
618 2987 647 3020 eo
741 2971 840 3018 *Fam
857 2971 971 3032 spoliare]
999 2972 1061 3020 Vide
1082 2972 1224 3020 Crumerum

121 3052 235 3099 Herculis
255 3051 354 3098 Tarenti
373 3053 478 3109 captum,
500 3048 647 3108 missumque
695 3047 757 3094 hhro
767 3060 835 3093 xvir.
851 3049 916 3108 (pag.
927 3049 981 3108 402)
1001 3049 1032 3095 ds
1048 3049 1120 3095 rebus
1136 3049 1225 3097 Antio·

121 3127 146 3172 ln
156 3125 315 3186 Capitolium:
325 3124 429 3185 reliquos
435 3123 502 3169 Deos
510 3122 647 3169 Tarentinis
695 3123 789 3169 chensis
799 3123 911 3169 Ecclesia
926 3125 1003 3183 captis
1013 3139 1028 3170 a
1039 3124 1155 3183 Chosroh',
1170 3126 1224 3172 vida

120 3201 229 3259 relictos,
240 3204 270 3247 nt
281 3200 364 3246 iratos.
392 3198 517 3259 (Pag.187
528 3198 562 3255 ο.)
592 3196 648 3243 lluo
696 3197 840 3257 Procopium
851 3198 1004 3246 Persicorum
1015 3213 1045 3247 11.
1056 3201 1162 3261 (caph)

122 3448 266 3505 Servilius.
290 3449 329 3504 So
341 3449 421 3522 Livy,
434 3449 570 3520 speaking
584 3448 617 3504 of
629 3448 677 3503 the
690 3454 851 3504 ornaments
863 3450 896 3504 of
908 3448 957 3503 the
972 3446 1090 3517 temples
1102 3447 1225 3517 brought

121 3532 159 3608 by
180 3534 332 3590 Marcellus
353 3535 428 3590 from
455 3536 592 3607 Syracuse
615 3541 646 3589 ιο
669 3536 769 3589 Romo.
815 3535 853 3589 So
872 3535 903 3589 0.
920 3533 1075 3587 Flaminius
1096 3533 1127 3586 in
1144 3533 1225 3606 Livy,

120 3621 176 3675 and
191 3621 306 3675 Fulvium
318 3621 349 3675 in
363 3620 507 3692 Polybius,
521 3621 578 3674 and
590 3620 683 3675 (iasar
700 3620 730 3673 in
746 3619 859 3674 Sallust.

173 3712 192 3759 4
215 3706 288 3761 Itis
313 3706 444 3761 horreret
461 3712 534 3772 true,
557 3706 619 3761 that
640 3706 666 3760 if
685 3705 766 3761 thera
787 3705 823 3760 ba
845 3722 901 3779 any
924 3706 1015 3777 image
1038 3705 1069 3760 in
1092 3705 1184 3762 which
1206 3723 1224 3760 a

120 3791 216 3846 divine
231 3792 356 3846 ιίιιιιοίο
371 3792 511 3864 supposed
526 3798 556 3847 to
571 3793 651 3857 exist,
669 3793 693 3846 it
712 3793 736 3847 is
750 3791 857 3847 wicked
871 3792 934 3848 that
950 3793 974 3846 it
989 3791 1090 3848 should
1113 3794 1149 3849 bc
1163 3792 1223 3847 rio·

120 3876 200 3932 lated
214 3891 248 3930 or
258 3876 407 3949 destroyed
418 3878 457 3949 hy
472 3877 552 3932 those
565 3878 627 3932 who
647 3895 731 3949 agree
754 3880 784 3932 in
804 3878 869 3934 that
886 3879 1058 3950 persuasion.
1104 3878 1169 3933 And
1192 3878 1223 3931 in

120 3962 177 4018 thia
191 3978 273 4017 senae
286 3962 355 4036 they
368 3962 430 4018 who
445 3964 560 4018 commit
574 3963 642 4018 such
657 3970 716 4018 acts
730 3981 780 4019 are
794 3965 912 4019 accused
926 3965 960 4018 of
968 3964 1094 4034 impiety,
1108 3979 1142 4017 or
1152 3977 1224 4016 oran

119 4049 154 4104 of
164 4048 302 4120 breaking
315 4047 366 4105 the
379 4049 459 4103 Laws
475 4049 508 4103 of
523 4049 660 4112 Nationes
682 4048 745 4103 that
760 4050 793 4112 is,
805 4064 843 4102 on
855 4048 905 4103 the
919 4049 1092 4117 assumption
1106 4046 1140 4100 of
1152 4044 1223 4099 such

120 4151 158 4190 an
176 4135 303 4207 opinion
341 4134 369 4188 It
389 4134 413 4189 is
435 4134 556 4190 another
577 4133 728 4188 mattarii
746 4131 796 4186 the
819 4132 943 4186 enamies
962 4131 1000 4184 do
1013 4136 1065 4184 not
1078 4145 1109 4183 so
1128 4127 1221 4187 think.

119 4220 198 4276 Thus
212 4219 264 4276 the
283 4220 359 4276 Jews
369 4237 443 4276 wera
457 4226 509 4276 not
523 4220 590 4292 only
608 4217 770 4290 permitted,
786 4215 839 4270 but
853 4213 1038 4269 commanded
1058 4218 1089 4268 to
1108 4213 1223 4287 destroy

118 4304 169 4362 the
188 4306 262 4361 idola
283 4306 317 4361 οι
336 4304 387 4362 the
408 4306 545 4362 Gentiles.
589 4305 647 4359 For
666 4302 743 4358 their
761 4301 847 4372 being
863 4299 1014 4355 forbidden
1034 4306 1064 4354 ιο
1084 4299 1150 4357 take
1165 4299 1223 4357 and

116 4391 192 4464 keep
207 4391 288 4448 them
307 4407 363 4447 was
382 4391 428 4447 for
449 4391 505 4448 thia
523 4406 639 4456 reason3
656 4389 719 4446 that
737 4386 788 4444 the
808 4386 943 4442 Hebron
964 4384 1054 4457 might
1073 4385 1124 4444 tho
1143 4402 1222 4444 more
