2986 5048
288 267 351 337 ιιι
666 279 720 335 nn
741 280 1006 338 rosmmrnuc
1249 277 1323 354 [nm
1335 282 1391 338 111.

287 441 357 529 pria
378 463 441 506 non
460 441 562 528 potuit
583 440 771 507 constituere
792 441 845 526 jus
863 441 1022 530 gentium:
1049 440 1151 530 potuit
1175 452 1283 510 tamen
1307 445 1392 512 inter

285 561 394 605 causas
410 562 487 618 esse,
500 561 555 604 eur
571 538 705 604 Romani
720 539 797 604 illud
809 540 863 626 jus
878 541 919 605 ab
936 540 1004 606 aliis
1020 542 1166 629 gentibus
1177 542 1391 610 introductum

286 647 320 704 et
336 636 396 724 ipsi
412 638 682 724 amplecterentur.
729 638 843 702 Verior
860 639 928 703 hmo
944 647 993 705 est
1009 639 1099 716 ratio,
1122 642 1207 726 quod
1223 663 1317 730 reges
1333 652 1391 710 aut

285 735 391 823 populi
414 736 468 822 qui
488 736 602 801 bellum
628 734 808 821 suscipiunt,
835 737 921 802 credi
949 738 1060 804 volunt
1081 738 1184 825 justas
1209 739 1269 805 sibi
1293 741 1391 807 luisse

284 856 394 901 causas
410 856 465 900 cur
479 834 514 900 id
529 833 687 900 facerent:
715 843 825 900 contra
845 843 960 913 autem,
982 835 1127 923 injuriam
1144 837 1248 903 iacere
1264 860 1319 904 eos
1335 840 1391 925 qui

175 980 178 985 -
284 934 450 999 adversum
466 954 501 999 ae
517 954 606 998 arma
621 932 758 998 ferrent:
775 932 939 1018 quodcum
951 944 1085 1022 utraque
1098 957 1172 1022 pars
1184 936 1270 1003 credi
1282 937 1388 1016 vellet,

283 1053 342 1097 neo
358 1038 459 1097 tutum
476 1039 559 1096 οιιοι
574 1052 681 1117 pacem
701 1052 830 1098 serrare
848 1032 1043 1119 cupientibus
1064 1033 1136 1100 huic
1153 1055 1187 1100 se
1208 1043 1388 1102 controver-

283 1129 339 1195 eiae
364 1130 574 1216 interponere,
596 1128 674 1194 nihil
696 1129 806 1195 melius
827 1129 932 1196 tacere
953 1139 1124 1218 potuerunt
1142 1133 1250 1220 populi
1270 1136 1387 1221 pacati,

283 1250 377 1315 quam
402 1222 462 1295 Ιιιι
481 1227 514 1294 id
539 1226 623 1314 quod
645 1227 798 1294 evenisset
822 1250 881 1316 pro
898 1228 972 1316 jure
992 1229 1190 1319 acciperent:
1215 1241 1312 1319 atque
1340 1233 1388 1301 ita

282 1328 432 1415 captosin
442 1335 515 1393 actu
527 1325 722 1414 repugnandi
739 1326 892 1393 haberent
904 1327 993 1413 quasi
1009 1350 1051 1394 ex
1063 1328 1150 1415 justa
1161 1351 1255 1397 causa
1266 1339 1385 1418 captos.

357 1430 380 1492 3
414 1427 458 1493 Αι
474 1424 580 1491 dehis
596 1423 650 1510 qui
666 1423 747 1490 bello
764 1433 873 1491 exorto
890 1425 1077 1512 deprehensi
1099 1436 1191 1494 erant
1214 1428 1276 1495 dici
1300 1429 1386 1496 idem

281 1547 345 1592 non
360 1532 504 1613 poterat:
521 1524 617 1588 ³nam
633 1521 666 1587 in
682 1521 742 1587 illia
759 1522 877 1590 nullum
893 1522 1016 1611 injuria
1032 1525 1191 1592 consilium
1206 1526 1283 1616 fingi
1297 1537 1386 1615 pote-

279 1633 342 1692 rat.
378 1625 501 1690 Tamen
516 1622 558 1689 ad
574 1620 756 1687 minuendas
771 1621 905 1689 hostium
922 1622 1006 1690 vires
1022 1623 1151 1691 retineri
1167 1647 1222 1691 eos
1238 1637 1385 1694 manente

279 1722 369 1803 bello,
389 1744 454 1788 non
480 1720 619 1807 iniquum
651 1719 840 1787 videbatur:
866 1721 946 1787 bello
972 1731 1077 1789 autem
1108 1725 1276 1811 composito
1304 1726 1383 1792 nihil

280 1820 407 1888 obtendi
429 1828 554 1908 poterat
580 1817 743 1904 quominus
768 1817 1007 1887 dimitterentur.
1059 1823 1171 1909 ltaque
1199 1844 1383 1890 consensum

278 1918 313 1985 in
340 1921 400 1986 hoc
426 1928 485 1997 est,
515 1926 552 1985 ut
578 1917 657 1983 tales
681 1916 714 1981 in
740 1937 817 2004 paee
842 1939 966 2005 semper
991 1918 1169 1986 libertatem
1192 1920 1381 2001 obtinerent,

278 2026 316 2084 ut
341 2017 530 2084 confessione
556 2014 691 2101 partium
715 2014 915 2083 innocentes:
949 2016 982 2082 in
1004 2027 1125 2084 ceteros
1143 2041 1220 2085 vero
1243 2029 1280 2086 ut
1300 2021 1383 2106 quis·

279 2138 341 2202 que
356 2122 523 2202 usurparet
537 2112 621 2198 quod
636 2111 732 2178 vellet
747 2113 832 2180 credi
851 2114 905 2202 jus
924 2136 1002 2194 esse,
1027 2116 1087 2181 nisi
1112 2126 1266 2203 quatenus
1288 2128 1383 2205 pacta

321 2270 335 2307 ὶ
353 2272 387 2320 Ut
396 2271 423 2318 ld
432 2269 497 2330 qaod
504 2269 615 2318 mouisset
619 2268 730 2330 projare
739 2270 804 2318 acri·
853 2273 929 2321 ullum
939 2273 1032 2335 injuria
1039 2276 1164 2322 consillum
1174 2276 1199 2322 in
1208 2276 1381 2337 impuberibus,

274 2345 370 2409 pereat]
384 2346 448 2394 Vide
458 2345 564 2391 Priscum
574 2348 687 2404 excerpto
697 2344 727 2390 de
736 2345 804 2405 lega·
853 2349 896 2408 qui
906 2353 987 2396 umen
998 2352 1078 2408 ettam,
1088 2350 1145 2411 jure
1157 2351 1223 2408 belli,
1237 2350 1263 2396 ln
1275 2352 1381 2399 servitu·

277 2422 383 2468 tionibus
392 2422 431 2468 28.
446 2424 472 2465 et
482 2418 593 2464 Bisarum
604 2417 634 2463 de
645 2417 709 2462 bello
721 2418 804 2464 Genu.
852 2427 903 2469 tam
923 2424 1074 2484 „dignm
1093 2426 1224 2472 mundum
1246 2429 1380 2473 Auctorem

276 2495 369 2542 ensium
379 2494 404 2540 in
415 2494 522 2542 Venetos
531 2493 593 2538 libro
603 2504 633 2539 11.
643 2491 749 2552 [Priscus
760 2494 776 2539 l.
785 2493 802 2540 ι.
853 2501 969 2544 nostrum.
1001 2499 1076 2546 Plura
1084 2500 1188 2547 diximus
1200 2500 1308 2547 inNotts
1322 2514 1381 2548 nos·

275 2571 328 2632 agit
338 2570 368 2616 de
376 2569 467 2616 foedere
476 2569 540 2615 luter
549 2568 634 2614 ducem
644 2567 802 2613 Maximinum
851 2572 896 2618 tris
906 2572 1013 2620 Gallicis.
1044 2574 1072 2622 J,
1084 2574 1117 2622 Β,

275 2650 302 2692 ιι
311 2645 421 2705 Blemyes
431 2649 456 2691 et
466 2643 599 2700 Nabrrdes,
610 2647 696 2702 gentes
703 2642 802 2688 AEthio·
896 2645 904 2680 ¹
918 2644 970 2693 Nee
979 2647 1051 2706 sarri]
1060 2647 1153 2694 Tottlas
1161 2647 1261 2707 Pelagio
1267 2648 1379 2696 Diaeono

274 2720 329 2781 piar,
342 2721 367 2767 in
381 2734 430 2780 qao
445 2720 471 2765 hl
484 2718 645 2779 promiserunt
658 2730 742 2764 omncs
751 2718 802 2764 lto·
850 2730 866 2766 ι
875 2720 992 2767 Romanis
1002 2723 1033 2768 ad
1042 2737 1069 2769 se
1078 2723 1150 2769 misso
1160 2724 1233 2770 edicit
1242 2737 1274 2771 ne
1283 2725 1314 2771 de
1322 2725 1379 2771 red·

274 2809 367 2852 manos,
380 2807 523 2856 quacunque
532 2793 604 2840 ettam
614 2792 639 2837 in
650 2792 802 2852 expeditione
851 2795 936 2841 dandis
957 2795 1091 2843 Siculorum
1112 2798 1186 2844 serris
1204 2798 1279 2845 rerba
1296 2799 1377 2857 facist,

274 2874 340 2935 capti
346 2869 705 2929 fuhsentOrlentlslmperatori
711 2870 802 2930 absque
850 2869 932 2916 dicens
942 2869 1050 2929 lnlquum
1066 2871 1119 2918 fora
1132 2872 1275 2919 ntltomani
1292 2872 1378 2934 [immo

272 2948 337 3008 lytro
347 2947 482 2994 restituere.
505 2942 589 3003 J.B.]
851 2942 927 2990 Gothi
938 2941 1019 3003 J.B.]
1038 2944 1378 2994 commilltessaosveteribus

317 3019 469 3079 ’Atsupra
482 3032 534 3077 cap.
545 3019 568 3064 7.
583 3016 655 3076 hnjm
663 3015 738 3072 Libri,
752 3015 801 3076 51.
850 3017 952 3064 dominis
970 3018 1068 3066 dedant.
1108 3019 1188 3067 Locus
1206 3024 1245 3067 est
1263 3021 1378 3083 Procopii

273 3094 371 3140 Auctor
380 3093 473 3148 statuit,
483 3091 555 3137 etlam
565 3103 616 3148 eos,
626 3090 676 3149 qui,
686 3090 800 3137 belloax-
851 3090 1063 3139 Gotthtccrsurm.
1093 3093 1168 3155 (Cap.
1181 3094 1234 3154 16.)

273 3163 799 3223 orto,intrsbostlamflnesdeprehendnntur
893 3173 910 3198 ²
926 3164 957 3210 Ιιι
974 3164 1034 3212 bello
1053 3165 1150 3213 redeunt
1164 3167 1312 3227 ponti-tato
1332 3169 1376 3216 ιο-

271 3241 324 3286 fato
341 3252 392 3296 sno,
408 3251 490 3285 ιιιιοι
507 3237 568 3287 lieri.
600 3237 701 3294 Deinde,
719 3251 798 3298 neque
848 3238 929 3296 mim,
947 3239 990 3298 pat
1007 3245 1133 3300 antequam
1148 3247 1289 3301 ruperam
1304 3241 1377 3290 leat

271 3455 342 3528 Livy
360 3471 432 3528 says.
470 3454 539 3510 This
553 3471 653 3510 reason
666 3453 752 3526 being
772 3455 897 3526 peculiar
911 3459 941 3510 to
956 3454 1006 3510 tho
1025 3456 1160 3521 Romans,
1173 3455 1257 3512 could
1271 3456 1375 3513 nothe

271 3541 321 3596 tho
335 3558 434 3597 reason
448 3541 494 3596 for
505 3541 554 3596 the
568 3541 621 3595 law
635 3541 669 3595 of
679 3541 803 3594 natione:
822 3541 875 3594 but
888 3541 912 3594 it
925 3539 1016 3612 might
1029 3539 1066 3596 be
1079 3558 1183 3612 among
1195 3540 1246 3596 the
1259 3558 1376 3597 reasons

270 3626 335 3698 why
345 3627 395 3681 the
406 3628 531 3681 Romans
542 3626 610 3680 took
624 3625 693 3680 such
708 3642 726 3678 a
739 3625 802 3679 rnle
815 3625 891 3679 from
904 3624 987 3680 other
1003 3626 1122 3680 naticae.
1160 3628 1218 3680 But
1229 3625 1280 3681 the
1293 3633 1375 3683 amer

269 3727 370 3765 resson
381 3711 413 3775 is,
427 3710 490 3765 that
504 3709 554 3764 the
567 3711 747 3780 belligerante
761 3726 810 3763 are
824 3710 962 3780 regarded
973 3726 1004 3765 ιι
1016 3711 1042 3764 if
1053 3710 1128 3765 their
1138 3727 1210 3766 ιιιιι
1221 3726 1294 3766 arere
1303 3713 1376 3783 just,

269 3795 327 3848 and
343 3794 469 3848 neutrale
486 3800 591 3849 cannot
609 3795 699 3865 aalelp
715 3796 866 3864 interpone,
884 3794 940 3848 and
957 3801 1033 3850 must
1050 3795 1194 3851 therefore
1210 3796 1374 3866 acquiesce3

269 3878 326 3931 and
340 3893 381 3941 ιο,
394 3884 469 3931 must
482 3877 587 3932 reckcn
601 3878 695 3932 actual
709 3879 832 3948 captives
845 3895 877 3934 ιι
887 3879 976 3951 justly
989 3880 1122 3952 captives.

329 3967 347 4016 3
372 3962 430 4016 But
451 3961 518 4015 with
539 3962 640 4032 regard
658 3968 688 4016 ιο
708 3962 790 4017 those
806 3963 869 4018 who
882 3980 956 4019 vere
969 3965 1074 4036 caught
1087 3981 1192 4037 among
1205 3965 1256 4020 the
1269 3982 1374 4039 enemy

267 4047 349 4103 arbon
367 4046 417 4101 the
431 4064 488 4101 war
501 4047 590 4102 broke
604 4052 663 4113 cut,
680 4046 729 4102 the
744 4063 821 4103 same
835 4048 919 4104 could
932 4055 985 4105 not
998 4049 1034 4104 bo
1047 4049 1123 4105 saida
1142 4050 1189 4105 t'or
1202 4049 1272 4122 they
1286 4053 1374 4107 could

268 4142 319 4189 not
335 4132 372 4189 be
393 4133 544 4188 conceired
568 4137 600 4188 ιο
622 4131 693 4189 hare
722 4133 797 4189 done
817 4150 874 4205 any
896 4150 1000 4205 wrong.
1035 4135 1093 4190 Yet
1112 4141 1143 4190 to
1165 4135 1299 4190 diminish
1320 4136 1372 4192 the

265 4218 394 4290 strength
406 4219 440 4273 of
448 4219 497 4274 the
509 4235 618 4289 enemy,
629 4218 697 4290 they
708 4235 782 4274 were
792 4219 921 4273 retained
932 4218 1015 4274 while
1026 4219 1076 4274 the
1086 4237 1144 4274 war
1154 4219 1255 4275 insted.
1277 4220 1372 4277 These

264 4304 343 4368 then,
353 4304 391 4375 by
403 4304 452 4360 the
464 4311 581 4359 comant
591 4304 625 4358 ci
635 4305 754 4368 mationa,
768 4319 842 4358 were
853 4309 885 4358 ιο
895 4303 932 4358 bo
946 4302 1093 4369 libenter,
1107 4320 1145 4359 on
1159 4304 1209 4359 the
1223 4305 1327 4360 arrival
1338 4306 1374 4361 of

263 4403 360 4459 peace,
375 4405 407 4444 ιι
424 4389 575 4454 innocente
592 4387 645 4443 but
661 4387 745 4445 other
760 4388 902 4460 prisonem
920 4394 951 4444 to
967 4387 1005 4444 be
1021 4389 1170 4462 rogulstod
1191 4389 1230 4463 by
1250 4389 1318 4447 Ιιιιι
1338 4391 1374 4448 ot
