2986 5048
232 298 274 360 14
492 308 685 373 QUANTUM
704 310 749 365 IN
770 311 895 367 BELLO
917 311 1064 378 LIGEAT,
1193 311 1266 381 [Lus.
1280 312 1333 368 III.

230 472 276 538 Et
292 470 420 537 Pindari
437 479 485 538 est
502 474 683 557 (Ietbsniuc.
701 495 744 540 ιν.
765 476 841 560 82):

534 589 589 663 Χρὴ
613 592 642 646 δὲ
662 596 714 647 πᾶν
735 592 779 661 ἕρ-

533 676 601 733 dorr’
622 677 774 750 dpuupo‘ious
790 681 837 734 τὸν
853 679 956 752 ἐχθρόν.

535 781 651 845 Quidue
665 782 774 853 agendo
789 783 896 839 scilicet
909 783 1019 839 hostica

531 866 662 924 Delenda
675 869 716 924 vis
730 875 782 925 est.

230 964 328 1051 Apud
345 962 512 1053 Virgilium
532 961 685 1051 [AEoeid.
703 966 734 1033 ii.
753 990 783 1035 v.
802 966 885 1055 300]
904 989 1028 1055 quoque
1044 968 1160 1036 dietum
1178 970 1264 1049 illud,

444 1084 534 1140 Dolus
548 1101 586 1140 un
600 1086 688 1141 virtus
701 1087 763 1158 quis
779 1088 807 1141 in
822 1087 904 1143 hoste
917 1088 1063 1159 requirat?

228 1180 369 1268 sequitur
383 1182 451 1269 ipse

619 1288 755 1360 Ripheus,
766 1289 934 1360 justissimus
949 1306 1022 1344 unus

446 1373 501 1439 Qui
515 1373 571 1429 ruit
585 1374 615 1429 in
630 1375 745 1429 Teucris
760 1381 790 1429 et
804 1375 1027 1431 servantissimus
1040 1376 1122 1447 sequi.

228 1480 272 1545 Et
296 1479 412 1570 legitur
432 1480 492 1547 hoe
509 1481 610 1568 ipsum
635 1481 773 1546 imitatus
798 1481 958 1568 sapientire
979 1481 1103 1548 nomine
1125 1482 1332 1552 nobilissimus

62 1592 204 1694 222³&ss
230 1579 335 1645 Solon.
388 1579 482 1646 Silius
498 1580 531 1647 in
547 1581 642 1647 rebus
660 1581 750 1646 Fabii
767 1580 918 1647 Maximi:

61 1684 214 1731 Libanum

571 1701 645 1755 Exin
659 1701 757 1755 uirtuti
772 1700 879 1772 placuit
893 1701 982 1756 delus.

300 1802 322 1864 2
356 1797 449 1888 Apud
470 1800 642 1866 Homerum
659 1799 791 1888 Ulysses
809 1798 869 1864 viri
886 1799 1034 1888 sapientis
1057 1800 1243 1890 exemplum,
1261 1802 1328 1891 ple·

226 1919 285 1964 nus
301 1898 416 1985 ubique
433 1899 587 1965 fraudium
600 1900 632 1964 in
649 1900 789 1966 hostem:
807 1900 890 1966 unde
909 1899 1062 1966 Luciauus
1077 1903 1218 1989 regulam
1236 1903 1329 1981 elicit,

61 2012 192 2055 tuamne
226 1998 320 2064 laude
345 1999 456 2088 dignos
473 1999 527 2084 qui
549 2000 670 2064 hostem
690 1998 811 2065 fallunt.
858 1999 945 2064 Nihil
962 1999 1068 2064 utilius
1093 2000 1227 2066 inbelle
1252 2003 1330 2069 dolis

58 2062 193 2213 ffifflk
227 2098 403 2184 Xenophon
428 2096 517 2174 dixit,
545 2104 578 2161 et
610 2094 759 2160 Brasidas
783 2097 867 2182 apud
896 2096 1113 2183 Thucydidem
1145 2100 1328 2183 praeclaram

59 2211 189 2305 mg,
226 2195 376 2282 imprimis
400 2193 524 2260 laudem
545 2215 612 2259 esse
635 2215 675 2259 ox
699 2186 794 2260 ¹¹belli
818 2194 930 2261 furtis:
957 2203 991 2259 et
1015 2195 1099 2280 apud
1125 2196 1328 2264 Plutarchum

60 2304 192 2388 pegma
226 2293 391 2382 Agesilaus
407 2293 513 2358 hostes
530 2292 672 2379 decipere
693 2301 725 2358 et
737 2293 855 2380 justum
873 2301 906 2358 et
921 2292 1037 2358 licitum
1056 2315 1135 2360 esse.
1167 2296 1326 2386 Polybius,

60 2393 203 2479 ¹1¹⁹&be
225 2415 296 2481 quae
313 2391 344 2457 ui
360 2392 439 2457 fiunt
455 2391 488 2455 in
505 2390 585 2457 bello
598 2391 725 2457 minoris
742 2391 904 2470 censenda,
919 2412 1013 2478 quam
1028 2415 1098 2479 quae
1112 2417 1151 2460 ex
1168 2398 1327 2465 occasione

59 2448 136 2595 ἓξὲξ
142 2485 206 2597 ¹:13⁰
226 2500 259 2559 et
275 2491 366 2558 dole:
384 2501 417 2558 et
431 2513 471 2556 ex
485 2511 524 2555 'eo
543 2490 637 2556 Silius
652 2491 822 2557 Corvinum
838 2492 882 2558 sie
898 2491 1015 2559 inducit
1028 2495 1227 2580 loquentem:

389 2601 569 2668 ¹Bellandum
583 2618 627 2667 est
641 2618 718 2669 astu:
743 2614 832 2669 levior
845 2615 906 2670 laus
921 2615 951 2669 in
965 2615 1037 2672 duce
1052 2616 1159 2673 dextra.

223 2710 329 2799 Atque
349 2710 395 2779 ita
416 2710 569 2778 censuisse
592 2711 674 2798 ipsos
696 2710 764 2779 illos
785 2735 911 2780 severos
931 2715 1071 2781 Laconas
1091 2723 1180 2782 notat
1200 2716 1324 2781 Plutar-

58 2824 204 2919 K‘hl‘ss‘ff·
222 2813 308 2891 chus,
331 2834 368 2878 ae
384 2812 531 2900 majorem
553 2810 647 2877 etiam
664 2811 819 2880 uictimam
840 2814 881 2879 ab
898 2835 935 2879 eo
951 2812 1149 2892 immolatam,
1170 2814 1223 2901 qui
1240 2815 1322 2892 dolo,

220 2992 238 3026 r.
253 2979 436 3036 venustate.
466 2980 548 3026 Habet
558 2982 677 3026 Auctore
691 2981 747 3027 Sto·
795 2981 851 3038 tius,
859 2994 929 3041 quem
940 2980 1000 3026 citat
1010 2980 1113 3027 Servius.
1135 2978 1323 3040 [VideNonium

219 3056 280 3113 bae,
296 3057 371 3101 Serm.
383 3068 428 3100 arr.
439 3069 495 3114 pag.
506 3054 561 3102 366.
568 3054 610 3098 ubl
621 3053 746 3112 Antigone
796 3055 945 3111 Marcellum,
955 3068 1014 3101 voce
1021 3055 1131 3112 Furtum,
1140 3068 1197 3115 pag.
1204 3056 1256 3102 310.
1272 3054 1323 3102 Ed.

219 3130 341 3176 tribuitur.
371 3128 399 3174 J.
410 3128 442 3175 B.
796 3126 912 3186 Herem]

263 3203 276 3237 ¹²
290 3203 357 3251 Belli
359 3200 450 3263 funis]
461 3203 501 3247 lta
510 3205 536 3247 et
543 3201 660 3261 Virgilius
667 3199 746 3260 ioqui·
840 3199 847 3233 ¹
860 3200 1004 3245 Beliandrum
1017 3205 1051 3246 eet
1064 3199 1129 3260 meu]
1147 3202 1323 3249 Muhammedis

219 3284 261 3326 tur
270 3278 387 3326 AEneidos
399 3289 437 3324 xi.
455 3277 530 3337 (vers.
539 3274 599 3333 515)
615 3281 640 3321 et
655 3274 747 3320 Sallus·
795 3273 886 3319 dietum
902 3274 994 3320 simile:
1017 3274 1115 3320 elbarba
1130 3273 1273 3335 Hadiatuau,
1295 3278 1325 3324 id

218 3563 349 3604 commen
363 3545 501 3618 question.
532 3543 560 3598 It
574 3542 597 3598 is
608 3540 738 3597 assumed
752 3539 815 3595 that
828 3540 852 3593 it
865 3539 897 3604 is,
910 3539 950 3612 by
963 3538 1079 3605 Homer,
1092 3540 1207 3607 Pindar,
1220 3540 1322 3615 Virgil,

220 3633 423 3697 solensium.
460 3630 528 3698 [See
543 3630 593 3685 the
607 3643 736 3701 passages
750 3622 879 3697 quoted]

271 3726 289 3772 2
309 3718 424 3788 Ulysses
436 3717 466 3769 in
481 3717 596 3777 Homer,
609 3714 659 3768 the
673 3712 801 3783 example
816 3711 850 3766 oi
860 3727 878 3764 a
891 3711 957 3765 wise
971 3727 1046 3776 man,
1059 3712 1083 3767 is
1097 3711 1151 3767 full
1166 3712 1200 3767 of
1217 3719 1320 3771 strata·

217 3820 296 3877 geme
315 3801 435 3857 towards
453 3799 503 3854 the
519 3816 635 3869 enemy;
652 3797 708 3851 and
726 3797 833 3850 Lucian
845 3797 950 3868 praises
965 3796 1047 3852 lbese
1062 3799 1125 3853 who
1140 3800 1253 3856 deceive
1269 3801 1320 3858 the

217 3905 328 3959 enemy.
361 3884 523 3956 Xenophon
542 3884 603 3937 said
618 3882 725 3937 thatin
737 3899 796 3936 war
809 3881 928 3953 nothing
943 3900 998 3938 was
1013 3900 1044 3940 so
1058 3884 1151 3941 usofnl
1164 3902 1196 3940 as
1211 3886 1319 3954 deeeit;

217 3992 248 4032 so
263 3975 292 4028 in
304 3970 491 4041 Thucydides,
503 3968 650 4033 Brasidns;
668 3968 724 4022 and
735 3968 765 4021 in
776 3967 920 4033 Plutarch,
933 3969 1087 4041 Agesilaus.
1115 3972 1250 4044 Polybius
1262 3975 1320 4031 aud

218 4061 304 4117 Silius
315 4074 364 4129 say
378 4054 441 4110 that
454 4055 484 4108 in
496 4070 553 4107 aar
570 4053 655 4108 fraud
670 4056 693 4108 is
707 4055 801 4109 better
815 4054 883 4109 than
898 4055 993 4121 force;
1011 4074 1042 4112 so
1057 4056 1106 4114 the
1120 4075 1217 4115 serore
1231 4061 1319 4116 Laee-

217 4144 389 4202 doemonians
401 4140 530 4211 thought,
541 4156 572 4193 as
583 4140 719 4196 Plutarch
731 4157 808 4213 says:
828 4142 884 4196 and
896 4158 928 4197 so
940 4142 977 4198 he
985 4144 1091 4215 praises
1105 4146 1251 4219 Lysander
1260 4147 1319 4202 and

216 4233 410 4303 Philopemen.
456 4229 494 4281 So
510 4227 681 4281 Ammianus.

274 4322 291 4371 3
314 4316 375 4370 The
392 4316 503 4368 Roman
522 4315 625 4368 Jurists
643 4314 698 4368 eall
717 4313 741 4367 it
760 4314 834 4384 good
849 4314 942 4371 doeeit
964 4306 1058 4390 (ὁονιιω
1078 4310 1167 4391 doliu)
1188 4318 1279 4374 which
1298 4334 1318 4373 a

216 4418 282 4456 man
299 4401 433 4472 practises
448 4401 557 4470 against
568 4417 604 4454 au
618 4416 727 4472 enemy,
743 4400 800 4454 and
811 4417 861 4473 say
875 4401 938 4456 that
957 4403 980 4456 it
995 4404 1091 4458 makes
1108 4421 1146 4459 no
1165 4405 1317 4459 differenee

216 4487 341 4542 whether
352 4503 408 4558 any
417 4501 471 4540 one
480 4486 563 4540 elude
578 4486 627 4541 tho
636 4502 738 4559 enemy
745 4485 784 4559 by
793 4486 873 4543 soree
884 4503 917 4543 or
927 4486 967 4561 by
976 4487 1069 4544 fraud.
1094 4489 1314 4546 SoEustathius.
