2986 5048
140 298 210 354 (iar.
225 296 293 366 IX.]
522 302 574 358 DE
597 304 861 361 POSTLIMINIO.
1185 297 1247 365 173

142 462 221 530 certi
237 462 355 549 aliquid
371 466 619 552 praescriberent.
672 468 777 553 Atque
802 467 933 533 eandem
958 468 998 534 ob
1024 489 1148 534 causam
1172 473 1247 535 lnec

141 562 236 638 servi,
254 584 311 628 nec
327 585 379 628 res
396 565 476 629 bello
493 574 593 651 captae
609 587 686 653 pace
701 566 885 644 redduntur,
912 566 970 632 nisi
995 567 1094 653 pactis
1119 590 1248 655 expres·

140 683 212 733 sum
227 660 262 727 id
277 661 338 728 sit:
363 663 438 747 quia
454 663 552 729 victor
568 664 654 730 credi
670 665 738 730 vult
749 665 803 752 jus
816 665 875 730 sihi
885 665 979 730 luisse
994 665 1054 730 iste
1070 667 1246 751 quaerendiz

143 759 194 825 cui
209 759 433 839 contradicere,
449 761 482 827 id
499 784 574 828 vero
591 762 694 829 fueret
711 763 792 829 bellu
809 786 849 829 ex
869 764 957 829 bellis
974 785 1099 832 sereres
1124 787 1163 830 ex
1180 765 1247 851 qui·

143 858 202 924 bus
215 868 349 945 apparet
364 859 524 948 ingeniose
545 882 608 925 non
630 882 671 927 ex
693 884 768 928 vero
785 863 912 928 allatum
929 862 1006 928 illud
1022 863 1107 949 apud
1124 863 1247 941 Quinti-

143 956 259 1024 lianum
277 978 335 1043 pro
352 958 529 1024 Thebanis·
556 959 626 1026 ideo
643 960 782 1047 captivos
799 959 872 1026 siin
879 961 1027 1075 patriam
1043 983 1131 1026 suam
1145 961 1246 1028 redie·
1258 976 1316 1060 {3¹53
1323 977 1382 1017 θνα

143 1065 229 1135 runt,
246 1055 360 1124 liberos
378 1079 455 1134 esse,
481 1057 555 1143 quia
571 1058 652 1124 bello
669 1068 763 1144 parta
777 1081 840 1124 non
856 1059 915 1125 ιιίιι
905 1060 1090 1127 ''eadem
1060 1080 1092 1125 vr
1109 1061 1247 1147 posside·

143 1163 248 1231 antur.
298 1155 443 1221 Diximus
459 1156 500 1222 de
515 1178 601 1243 pecs.

219 1256 242 1319 4
275 1256 350 1320 mIn
370 1255 450 1320 bello
475 1255 610 1321 redeunt
630 1255 816 1342 postliminio
840 1257 981 1324 homines
1003 1256 1056 1344 qui
1079 1266 1246 1344 antequam

144 1360 330 1440 caperentur
346 1353 437 1419 liberi
451 1354 596 1420 fuerant:
618 1354 809 1441 recipiuntur
825 1357 908 1422 servi
925 1367 958 1423 et
973 1357 1036 1422 alia
1050 1357 1201 1441 quaedam.

219 1451 261 1519 V
298 1451 394 1517 Liber
410 1452 526 1517 homo
517 1461 564 1518 ιιι
579 1453 703 1519 demum
717 1454 904 1541 postliminio
916 1456 1009 1534 redit,
1024 1477 1050 1520 ιι
1041 1454 1126 1520 hoc
1142 1456 1246 1522 animo

144 1549 187 1616 ad
211 1570 284 1615 suos
308 1549 431 1617 venerit
455 1559 491 1617 ut
515 1573 622 1617 eorum
645 1574 698 1618 res
722 1563 915 1638 sequeretur,
941 1563 977 1620 ut
997 1576 1018 1619 a
1040 1555 1281 1652 Tryphonino¹²
1259 1567 1394 1610 ”tinuit

144 1649 301 1736 proditum
318 1659 385 1716 est:
410 1649 553 1716 nimirum
571 1650 654 1735 quia,
679 1660 715 1717 ut
731 1651 800 1737 quis
816 1672 927 1718 servus
942 1652 1021 1718 liber
1044 1652 1108 1729 liat,
1132 1674 1166 1717 se
1190 1654 1244 1719 dc·
1256 1615 1395 1753 gilio&

145 1748 208 1824 het,
222 1755 258 1813 ut
273 1747 318 1814 ita
335 1748 444 1825 dicam,
462 1748 634 1836 acquirere,
661 1750 744 1834 quod
758 1771 820 1815 non
837 1758 885 1815 est
901 1749 959 1815 nisi
950 1749 1112 1816 volentis.
1154 1751 1244 1817 Cete-
1231 1709 1407 1846 {lm-³*

144 1867 214 1911 rum
240 1849 306 1912 ¹¹un
329 1848 361 1913 si
388 1847 497 1914 bellica
524 1856 668 1934 receptus
693 1847 734 1914 sit
760 1849 801 1913 ab
828 1848 977 1926 hostibus,
1004 1871 1046 1914 an
1075 1849 1147 1914 dolo
1172 1872 1245 1936 pro-

144 1945 270 2033 fugerit,
295 1946 372 2012 nihil
391 1945 499 2024 refert,
523 1954 559 2011 ut
582 1966 602 2012 a
625 1945 806 2012 Florentino
829 1956 970 2013 notatum
996 1957 1053 2013 est.
1105 1948 1245 2015 Tantun-
1257 1965 1306 2004 n„
1256 1965 1388 2059 &woffo

145 2043 215 2108 dem
241 2044 303 2111 erit
329 2045 356 2110 si
384 2046 425 2112 ab
454 2045 596 2111 hostibus
622 2053 732 2131 sponte
759 2045 800 2111 sit
826 2046 969 2113 traditus.
1022 2047 1107 2125 Quid
1128 2046 1179 2112 ⁰si
1203 2013 1281 2114 ab
1256 2066 1399 2148 ,mm

144 2141 234 2208 hoste
251 2144 395 2210 venditus
420 2143 613 2219 commercio,
630 2152 666 2209 ut
682 2144 727 2221 fit,
743 2146 785 2210 ad
802 2167 873 2211 suos
893 2146 1099 2232 pervenerit?
1150 2148 1245 2212 Trac·
1256 2156 1348 2204 dumi
1356 2165 1399 2194 m-

143 2247 229 2307 tatur
253 2242 322 2308 haec
350 2242 563 2309 controversia
587 2243 698 2329 papud
726 2244 917 2310 Senecam
908 2267 942 2310 ιιι
968 2245 1121 2334 Olynthio
1153 2268 1245 2331 quem

135 2395 249 2456 fluerunt]
260 2395 374 2444 Julianus
381 2398 489 2444 oratione
498 2398 523 2444 in
533 2398 610 2443 malos
621 2397 669 2459 Cy·
720 2399 811 2455 Hunni,
820 2400 862 2446 sed
873 2400 980 2458 Heruli.)

143 2471 223 2517 nicos:
250 2472 316 2518 οὕτω
331 2473 377 2530 μιν
392 2472 424 2520 ἂν
443 2473 493 2518 sies
513 2471 610 2518 olxe'rus
627 2473 669 2519 erui
764 2473 820 2520 ⁰Sr'
839 2475 871 2520 ab
891 2475 956 2521 hoste
976 2477 1082 2523 venditus
1101 2479 1247 2536 commercio,

142 2545 253 2593 ὁπόσους
261 2549 313 2592 τῶν
322 2546 493 2606 αἰχμαλώτων
503 2546 665 2607 imoimo«.
719 2550 795 2608 uifii,
812 2549 847 2594 od
864 2564 918 2595 tuos
933 2551 1080 2610 peruenerit]
1108 2553 1142 2599 Ut
1161 2554 1246 2598 eodem

142 2638 173 2667 κιι
159 2621 185 2666 ai
197 2638 239 2667 τοι
254 2619 278 2667 ol
294 2619 362 2680 νόμοι
377 2622 443 2667 ruia·
425 2639 510 2667 τιαοι
495 2621 668 2667 ἀποδεδώκασι
719 2623 831 2683 Procopii
849 2623 911 2669 libro
927 2625 1023 2683 juvenis
1042 2625 1191 2682 childubius,
1211 2625 1246 2673 ‘rte'

141 2695 310 2755 τιίνὶλινθιρι
304 2694 416 2742 ἐανσινθ
416 2695 507 2742 taem
517 2695 609 2742 οἴκαδε·
625 2696 670 2741 hoc
720 2697 865 2753 νῦμιινδὲὲ
867 2697 918 2744 sla
903 2698 953 2757 α’ίφ
954 2716 1014 2744 aroer
1033 2700 1135 2746 srirlra·
1103 2717 1179 2787 ατρια
1154 2698 1247 2756 ιαῆθη,

141 2770 281 2816 ιιιοιίοιιιιι·
288 2775 361 2817 errat
361 2771 670 2830 ,etiamquosbellocuptos
721 2772 763 2817 the
765 2771 933 2830 ὑθιροοιτὸλ
935 2773 1022 2818 ινκπό
1024 2773 1147 2832 ατάγετο
1149 2773 1246 2830 ννόμον

142 2844 276 2894 litamur.
312 2846 388 2906 Atqui
407 2847 495 2892 iniibus
513 2846 554 2892 ubi
574 2846 609 2892 ud
627 2859 670 2891 aas
720 2845 786 2891 κιαι
789 2845 942 2892 ὑὸ·τιέσται
958 2847 1057 2903 duchat,
1067 2847 1246 2906 struminpa-

142 2921 256 2967 redierint
279 2921 410 2968 libertatem
434 2921 575 2978 adjudicant
601 2920 669 2979 hocs.
719 2920 1118 2979 triurnrediisretlitmmexjure
1132 2922 1156 2967 in
1167 2928 1247 2981 poste·

145 2993 438 3056 Οιαιιψῳιθόριι.
455 2992 669 3054 Εάιι.ι9ριιιι1ιιιιι)
719 2998 845 3056 rumsorc.
861 2996 937 3056 (Cap.
948 2996 1001 3056 14.)
1031 2998 1066 3043 At
1076 2999 1140 3058 apud
1155 2999 1247 3046 'l'urcse

188 3077 200 3103 ὓ
214 3069 253 3116 An
263 3071 289 3117 vi
297 3071 383 3117 ιιὶὶιια
394 3075 500 3130 receptus
512 3071 544 3117 eit
554 3069 584 3116 nd
594 3070 669 3117 horti·
720 3073 812 3118 nullum
823 3072 879 3118 olim
888 3072 961 3118 tuisse
968 3073 1067 3133 captivis
1074 3073 1246 3133 postliminium

142 3145 195 3206 bus]
210 3146 245 3193 Ut
255 3146 290 3192 illi
300 3159 361 3206 qnos
370 3160 386 3192 s
396 3145 474 3192 Slaris
486 3151 570 3206 captos
581 3145 668 3192 libera·
719 3151 790 3194 notat
800 3147 967 3195 Lennclavius.

143 3233 198 3266 sere
216 3220 308 3277 Hunni,
332 3222 397 3280 apud
420 3220 564 3279 Procopium
586 3220 669 3267 itidem
763 3221 865 3282 rapui
879 3221 1003 3284 Sancum]
1020 3223 1094 3270 Libro
1110 3227 1246 3277 v.,contro-

145 3293 308 3342 Goutiwrum
326 3307 368 3343 ιιι.
406 3295 540 3356 (euplii.
559 3297 601 3341 ubi
620 3310 669 3342 non
719 3297 796 3343 versis
804 3299 843 3344 34.

142 3526 207 3577 war,
221 3517 322 3584 except
335 3529 367 3568 so
381 3513 426 3568 far
440 3530 471 3569 as
485 3514 633 3586 regulated
646 3513 685 3586 by
696 3519 832 3585 compact
856 3512 921 3567 And
932 3513 977 3567 ior
988 3511 1037 3567 the
1048 3528 1125 3567 same
1137 3528 1246 3578 reason,

142 3597 232 3652 slaves
251 3597 307 3652 and
328 3598 411 3654 other
428 3606 562 3671 property
576 3615 625 3654 are
639 3607 690 3654 not
704 3599 831 3653 restored
844 3604 875 3652 at
889 3615 984 3669 peace,
1003 3602 1103 3668 exccpt
1117 3597 1154 3668 by
1168 3614 1245 3652 com-

141 3689 225 3752 pact;
242 3681 289 3736 t'or
302 3682 369 3755 they
383 3701 433 3739 are
450 3684 590 3756 supposed
607 3692 638 3740 to
652 3685 689 3740 be
707 3685 794 3739 taken
808 3683 846 3754 by
863 3683 947 3755 right,
966 3683 1022 3738 and
1040 3689 1071 3737 to
1091 3682 1166 3755 deny
1180 3682 1245 3747 this,

141 3766 236 3820 would
247 3766 283 3821 ιι
294 3773 324 3823 ιο
338 3770 419 3824 make
430 3787 500 3825 ware
511 3787 587 3840 grew
596 3775 646 3825 out
654 3770 689 3825 er*
695 3787 774 3824 wars.
804 3769 929 3824 thnce
938 3771 961 3825 it
969 3785 1088 3841 appears
1099 3768 1162 3823 that
1170 3769 1246 3824 what

141 3851 166 3906 is
180 3851 289 3924 alleged
300 3853 339 3925 by
352 3855 507 3918 Quintilian
518 3855 565 3911 for
576 3855 625 3911 the
640 3855 779 3919 Thebans,
792 3856 816 3911 is
828 3857 982 3927 ingenious,
993 3856 1045 3910 but
1057 3863 1108 3910 net
1119 3863 1191 3911 truc.

196 3943 214 3992 4
242 3939 286 4011 By
299 3941 503 4011 postlimInium
517 3941 547 3996 in
561 3958 626 4006 wer,
640 3941 721 3997 these
736 3942 798 3997 who
814 3960 886 3998 were
901 3942 962 3998 free
977 3959 1042 3997 men
1057 3941 1154 3997 before
1170 3941 1246 3996 their

141 4029 266 4094 capture,
279 4034 393 4087 muta,-
412 4026 501 4082 slaves
518 4026 575 4081 and
589 4027 683 4098 things
698 4044 746 4082 ere
761 4029 903 4082 rwooered.

191 4109 228 4164 V.
258 4110 285 4164 A
299 4110 360 4166 free
378 4128 445 4165 man
466 4119 577 4168 returns
595 4112 633 4183 by
650 4112 861 4183 postliminium,
879 4112 905 4164 ii
919 4111 957 4165 he
970 4127 1064 4166 comes
1078 4115 1108 4166 to
1122 4110 1166 4163 his
1181 4124 1244 4163 own

140 4199 223 4267 party
234 4197 302 4251 with
311 4197 367 4251 this
378 4197 486 4252 intent:
502 4197 647 4253 inasmuch
658 4213 698 4261 as,
709 4198 739 4249 in
750 4194 834 4251 order
845 4195 908 4250 that
918 4211 936 4249 a
947 4196 1023 4250 slave
1037 4191 1082 4264 [or
1092 4210 1110 4248 a
1120 4189 1242 4264 captive]

140 4297 206 4353 may
219 4281 336 4338 become
351 4283 412 4338 free
423 4283 460 4338 hc
475 4288 558 4348 must,
572 4299 603 4338 so
616 4290 646 4338 to
661 4281 756 4353 spenk,
770 4280 883 4351 acquire
897 4279 1017 4344 himself,
1031 4278 1121 4334 which
1140 4284 1245 4334 cannot

139 4365 177 4423 be
197 4367 272 4423 done
294 4369 413 4424 without
435 4368 479 4424 his
501 4369 565 4424 will.
607 4369 666 4423 But
683 4366 809 4422 whether
827 4365 863 4420 he
881 4365 918 4420 ιι
935 4364 1085 4420 recovered
1103 4365 1177 4420 irum
1194 4363 1246 4420 tho

139 4468 243 4526 enemy
252 4453 292 4528 by
304 4454 419 4512 warlike
430 4453 517 4521 force,
528 4471 562 4511 or
575 4454 658 4512 make
669 4453 713 4511 his
725 4469 834 4525 escape,
848 4453 943 4509 makes
956 4467 995 4509 no
1010 4451 1168 4517 differente,
1179 4452 1246 4507 esis
