2986 5048
120 279 189 334 (iar.
203 276 310 346 XXV]
463 278 516 333 Al)
538 278 661 333 FIDEM
683 278 733 332 ET
754 277 893 334 PAOEM.
1158 269 1223 336 407

121 441 239 508 utilitas
255 442 392 508 humane
414 442 524 509 eodem
541 442 659 511 trahit:
684 441 820 532 primum
837 465 891 509 σοι
907 442 962 530 qui
978 443 1080 511 minrae
1096 443 1220 511 valent:

120 541 194 628 quia
209 541 414 629 periculosum
431 551 479 609 eet
494 542 621 632 longum
643 565 713 610 cum
736 541 908 609 valentiore
930 551 1097 622 certamen,
1120 555 1162 621 et,
1186 555 1222 612 ιιι
1253 599 1255 601 -

121 641 154 706 in
176 641 248 708 navi
268 642 312 719 fit,
332 641 458 728 jactura
479 640 584 729 aliqua
606 642 788 709 redimenda
805 642 905 729 major
919 642 1086 729 calamitas,
1111 643 1222 711 omissa

121 740 171 808 ira
186 763 223 808 ac
239 764 294 829 epe
311 742 479 820 fallacibus,
505 751 542 809 ut
562 751 648 809 recte
664 741 772 808 Livius
789 740 1280 823 dixit,auotoribus.HuncL1b
1288 757 1360 800 rw·

122 863 246 914 sensum
261 835 507 909 bAristoteles
482 863 527 907 erc
536 841 704 909 enuntiat:
696 843 877 966 ,κρεῖττον
893 843 964 916 τοῖς
979 844 1147 938 κρείττοσι
1164 839 1221 927 μὲ-

123 969 178 1034 ρος
203 971 239 1008 ’Π
261 972 329 1009 Των
351 937 569 1035 ὑπαρχοντων
593 934 814 1033 lipomani,
795 971 814 1022 η
839 937 975 1032 πθλθμω
998 939 1221 1036 Κρατηθέντας

123 1037 241 1113 circio
258 1039 371 1111 αὐτοῖς
388 1039 556 1135 χρήμασιν
575 1036 778 1112 ἀπολέσθαι
803 1044 911 1111 cotiae
926 1056 974 1110 eet
989 1046 1051 1120 hie,
1069 1068 1126 1129 quc
1120 1047 1221 1132 plue

119 1141 252 1226 polleat,
270 1143 400 1230 aliquid
416 1164 528 1208 reram
543 1163 684 1208 auarum
700 1141 892 1228 relinquere,
907 1165 1007 1230 quom
1025 1146 1103 1212 belle
1119 1148 1221 1213 victor

122 1263 196 1308 cum
212 1244 306 1308 rebare
316 1244 438 1327 perire.

197 1341 238 1406 V.
280 1339 344 1406 Sed
359 1348 392 1406 et
407 1361 460 1406 eos
476 1340 531 1427 qui
547 1339 712 1407 validiores
726 1346 819 1407 sunt:
845 1339 919 1428 quia
933 1338 1021 1407 bonie
1037 1340 1101 1408 suia
1117 1342 1220 1422 rebus,

121 1446 158 1506 ut
183 1438 265 1505 idem
283 1437 391 1505 Livius
413 1460 476 1504 non
496 1439 596 1507 minus
612 1461 688 1506 vere
714 1439 769 1517 ait,
794 1440 899 1528 ampla
924 1462 961 1508 ac
985 1439 1124 1528 speciose
1145 1442 1375 1509 dan-mmm·

120 1538 205 1605 tibus
231 1561 294 1626 pax
321 1546 387 1606 eet:
421 1560 458 1606 ac
487 1538 596 1605 melior
622 1538 781 1627 tutiorque
809 1561 902 1626 quam
928 1549 1054 1627 sperata
1082 1541 1220 1609 victorie

122 1638 316 1727 cogitandus
336 1639 418 1705 enim
440 1640 529 1705 Mare
551 1638 738 1706 communie:
765 1630 933 1729 διεξιτὲον,
956 1640 1001 1706 ait
1025 1640 1219 1721 Aristotelea,

121 1736 183 1811 τὰς
207 1737 398 1826 μεταβολὰς
423 1735 486 1808 τὰς
513 1735 548 1808 ἐν
573 1733 710 1828 πολέμῳ
737 1734 779 1812 air
801 1739 928 1809 πολλοὶ
951 1743 1004 1808 και
1028 1735 1221 1833 παράλογοι

121 1840 284 1927 ιγινονται·
307 1842 516 1925 cogitandum
534 1840 571 1905 ιἰι
587 1840 666 1906 bello
683 1861 782 1927 quam
794 1841 907 1907 melta
923 1862 1084 1925 paremque
1100 1843 1221 1926 impro-

121 1941 199 2005 vieoe
216 1943 410 2006 mutationes
429 1940 578 2005 accidere
600 1941 733 2005 soleant.
787 1937 827 2003 In
849 1938 989 2005 oratione
1010 1939 1145 2025 quadam
1162 1961 1220 2026 pro

120 2060 198 2125 pace
215 2039 316 2126 ²apud
339 2038 514 2104 Diodorum
536 2037 760 2126 culpantur
729 2068 760 2107 οι
783 2067 826 2105 το
817 2033 993 2128 μέγεθος
1015 2041 1082 2106 τῶν
1108 2035 1220 2119 εὑημε-

120 2134 274 2229 ρημᾶτων
304 2134 643 2261 προσφερόμενοι,”
616 2168 733 2231 ωσπερ
765 2140 826 2219 τῆς
855 2134 960 2231 τύχης
992 2133 1047 2206 oria
1072 2134 1220 2229 ἐναλλάξ

121 2234 300 2320 εἰθισμένης
321 2234 569 2331 βραβειιοιν
527 2267 571 2307 τα
599 2234 686 2306 κατᾶ
709 2233 855 2320 πόλεμον
880 2233 1135 2330 προτερήματα·
1161 2241 1221 2322 qui

121 2351 416 2426 rerumgestarum
438 2362 462 2404 a
484 2361 519 2405 ee
539 2340 801 2426 magnitudinem
818 2339 985 2416 carolinas,
998 2340 1102 2425 plone
1118 2340 1220 2426 quaec’

119 2541 209 2602 capii.
229 2539 293 2586 unde
313 2539 384 2587 etiarn
408 2540 499 2601 petitus
519 2544 556 2587 est
575 2541 644 2599 alter,
695 2542 771 2589 menti
781 2541 969 2588 imbecillitatem
978 2540 1111 2600 prudenter
1118 2538 1223 2588 ostendit

119 2630 191 2677 quem
201 2615 298 2662 Auctor
310 2616 390 2662 adtert
403 2614 429 2661 in
444 2616 595 2675 paragrapho
605 2629 643 2663 se·
695 2615 836 2663 Dronouus
847 2616 965 2670 Srouuos,
980 2613 1047 2673 eujus
1059 2612 1135 2672 ipsius
1150 2613 1223 2658 verbs

117 2690 209 2752 quenti.
239 2690 308 2738 J.B.
695 2691 738 2736 illa
754 2696 818 2748 sunt,
833 2689 920 2748 ὥσπερ
936 2688 1084 2747 τῆιτύχηι,
1100 2685 1144 2734 irc.
1160 2687 1222 2734 Bih-

163 2766 174 2796 ²
189 2766 275 2813 Oratio
285 2766 327 2811 illa
336 2768 389 2811 erat
398 2767 480 2810 contre
490 2762 585 2821 Pacem,
595 2776 643 2808 non
696 2765 765 2812 lieth.
775 2764 840 2810 fflst.
857 2762 911 2809 Lib.
919 2773 983 2809 ¹111.
992 2774 1045 2820 cap.
1053 2762 1091 2808 ω.
1103 2762 1220 2820 papeha.

116 2855 164 2899 pro
182 2840 263 2885 Pace:
280 2839 391 2883 nimirum
408 2837 546 2896 Demagogi
563 2838 643 2897 cujus·
694 2836 744 2884 Ed.
755 2837 792 2883 Η.
803 2836 884 2895 steph.
913 2835 984 2881 Unde
996 2839 1072 2894 patet,
1087 2833 1222 2881 Auctorem

117 2915 174 2961 darn
184 2913 341 2960 Atheniensis
352 2911 519 2971 cleophontis,
535 2912 577 2971 qui
592 2912 644 2972 ipse
695 2917 811 2969 nostrum,
827 2910 947 2957 memoria
964 2910 1030 2966 vitio,
1046 2914 1089 2956 aut
1104 2910 1222 2956 festinan·

117 3002 197 3035 renon
210 2992 328 3048 pataram
342 2989 373 3032 ab
383 2985 564 3032 Atheniensibus
576 3000 644 3046 moq-
694 2990 753 3042 ιοιιι,
766 2986 792 3031 in
805 2986 858 3032 loco
868 2985 914 3031 isto
924 2983 1043 3030 laudando
1058 2984 1152 3044 lapsum
1162 2998 1221 3034 ease.

118 3064 247 3110 aitudirrem
262 3062 394 3118 ertollehut,
408 3065 437 3107 ut
447 3061 533 3121 vulgus
547 3061 577 3106 ad
591 3062 643 3108 bel-
694 3060 722 3109 J.
733 3062 768 3111 B.

117 3141 169 3187 ium
194 3138 333 3187 concitaret.
363 3136 443 3198 Ηιιιιιι
465 3141 547 3184 autem
571 3151 644 3199 argu·

117 3433 232 3488 penses:
255 3418 405 3489 especially
426 3434 529 3489 among
553 3419 715 3484 Christiane,
738 3425 768 3474 ιο
787 3419 880 3474 whom
900 3419 948 3476 tho
970 3419 1048 3475 Lord
1065 3419 1116 3473 has
1135 3421 1221 3491 given

117 3503 162 3557 hie
176 3521 262 3574 peace
274 3520 304 3558 ae
323 3503 367 3558 his
381 3504 488 3574 legacy.
524 3503 589 3558 anu
601 3521 632 3559 eo
648 3505 682 3558 et
693 3505 774 3568 Paul,
787 3505 831 3559 his
843 3506 905 3560 beet
916 3507 1093 3576 interpreter,
1107 3505 1220 3560 exhorta

118 3605 151 3642 us
167 3594 196 3642 to
209 3589 263 3643 liro
275 3596 305 3643 at
315 3605 402 3661 peace
415 3588 481 3642 with
493 3587 532 3641 all
551 3605 626 3644 men.
662 3589 701 3642 An
723 3589 828 3644 Sallust
846 3607 917 3662 says,
934 3589 1044 3661 Agood
1060 3607 1126 3644 man
1140 3590 1220 3645 talree

117 3690 156 3744 up
169 3673 218 3728 tho
232 3673 384 3745 beginning
402 3672 435 3727 of
444 3689 501 3727 war
513 3671 689 3747 reluctantly‚
701 3674 757 3729 and
769 3674 836 3730 does
852 3681 902 3731 not
921 3675 1015 3730 follow
1029 3677 1065 3730 ite
1083 3680 1221 3732 extremes

115 3759 258 3831 villingly.

172 3845 222 3900 IV.
258 3844 328 3899 This
346 3844 379 3900 οι
395 3845 475 3900 iteelf
491 3845 579 3918 ought
592 3851 623 3900 ιο
637 3846 674 3902 be
695 3847 823 3920 enough;
839 3849 893 3905 but
904 3848 983 3904 often
997 3848 1102 3903 human
1117 3848 1221 3922 Utility

117 3931 206 3986 drove
220 3947 287 3985 men
301 3930 350 3985 tho
361 3948 439 3986 earne
450 3948 526 4004 way:
549 3932 630 3988 those
641 3933 703 3989 urst
713 3935 776 3990 who
788 3952 837 3991 are
848 3935 898 3991 the
916 3936 1053 4000 weakeet5
1071 3935 1117 3990 for
1126 3951 1144 3988 a
1154 3935 1221 4006 long

116 4016 241 4088 struggle
253 4016 320 4071 with
338 4033 356 4070 a
365 4034 444 4072 more
459 4019 597 4089 poverful
612 4020 761 4094 advereary
776 4022 951 4094 isperilous3
966 4022 1023 4076 and
1033 4038 1063 4076 as
1074 4022 1133 4074 ina
1148 4019 1221 4091 ship,

117 4119 159 4158 we
172 4108 248 4158 must
270 4109 350 4158 avert
366 4120 385 4158 a
403 4110 515 4175 greater
535 4105 667 4177 calamity
679 4105 719 4178 by
733 4122 811 4161 some
833 4107 898 4171 loae,
915 4108 1029 4179 patting
1045 4122 1122 4178 away
1135 4120 1222 4178 anger

116 4189 174 4243 and
193 4189 277 4261 hope,
293 4189 440 4244 fallacious
459 4189 590 4254 advisere,
607 4207 638 4245 as
655 4192 727 4263 Livy
743 4207 814 4263 says.
861 4192 899 4246 So
914 4190 1057 4246 Aristotle.

170 4275 205 4329 V.
242 4275 301 4331 But
315 4275 374 4330 aleo
393 4274 449 4329 this
470 4276 493 4330 is
510 4275 554 4332 t'or
566 4275 615 4331 the
633 4275 739 4332 beneflt
760 4277 793 4332 of
807 4276 856 4332 the
875 4282 1019 4348 stronger:
1043 4276 1088 4331 sor
1106 4291 1137 4331 as
1150 4275 1223 4348 Livy

116 4361 177 4417 also
192 4378 264 4435 says,
277 4362 319 4418 'l'o
332 4361 410 4418 them
421 4377 517 4434 peace,
532 4362 558 4416 if
568 4361 635 4435 they
647 4368 730 4434 grant
741 4363 773 4432 ιι,
781 4364 805 4420 is
818 4363 977 4420 houuteoue
991 4362 1048 4419 and
1060 4360 1222 4428 creditabla
