2986 5048
134 283 204 340 (ιιι,
218 278 328 352 XXV.]
375 285 602 350 CONCLUSIO,
625 286 708 341 CUM
729 285 901 350 MONITIS,
922 286 1004 341 ETO.
1174 280 1237 341 405

131 472 237 515 curam
255 457 288 515 et
305 449 407 536 pacis:
431 458 463 516 et
480 450 553 516 fidei
569 448 693 536 quidem
711 459 777 517 tum
794 459 924 538 propter
938 449 1008 527 elis,
1026 458 1093 516 tum
1110 472 1150 516 ne
1165 473 1236 538 spes

132 549 217 636 pacis
241 549 405 616 adimatur.
453 549 532 615 Fide
558 550 639 615 enim
661 572 722 615 non
746 558 867 615 tentum
890 549 1066 636 respublica
1088 550 1243 637 quaslibet

131 649 317 727 continetur,
335 659 371 715 ut
388 648 496 715 Cicero
513 649 597 726 dicit,
614 648 670 714 sed
687 658 721 714 et
736 648 836 735 major
853 649 907 715 ills
924 649 1063 738 gentium
1081 649 1232 716 societas:
1249 664 1368 714 officii-ss

131 747 191 813 hec
207 749 339 825 sublata,
355 756 391 814 ut
408 771 483 814 rere
506 748 700 826 Aristoteles,
727 743 890 845 ἀνῄρηται
916 745 935 829 ἦ
957 745 1040 840 πρὸς
1066 744 1234 830 ἀλλήλους
1248 777 1378 863 'dmin

130 849 230 940 χρεία
246 851 315 918 τῶν
330 843 519 940 ἀνθρώπων,
536 849 662 914 tollitur
674 850 760 934 quod
771 851 857 914 inter
869 850 1011 915 homines
1023 861 1069 915 est
1086 871 1235 916 commer-
1317 852 1322 862 ’
1378 852 1383 863 '

132 970 227 1012 οιιιοι.

204 1049 225 1111 2
258 1048 371 1134 ltaque
387 1047 497 1113 merito
514 1047 597 1113 idem
612 1045 664 1113 ille
682 1045 791 1114 Cicero
810 1047 964 1114 nefarium
984 1070 1052 1115 esse
1067 1047 1122 1126 sit,
1141 1048 1233 1114 fidem
1246 1073 1363 1159 pram

130 1145 280 1235 frangere
296 1168 366 1233 quae
383 1146 520 1212 continet
536 1146 650 1212 ritem:
676 1150 928 1225 sanctissimum,
946 1156 983 1214 ut
1000 1149 1119 1215 Seneca
1135 1148 1233 1235 loqur·
1245 1165 1309 1259 {pm
1323 1211 1353 1250 a

130 1254 193 1323 tur,
217 1248 357 1312 humani
379 1249 519 1331 pectoris
545 1247 684 1312 bonum:
719 1268 812 1332 quam
838 1254 926 1312 tento
956 1246 1056 1335 magis
1081 1257 1232 1334 praestsre
1245 1241 1314 1306 ⁹³⁰⁰?

131 1345 248 1411 debent
278 1344 389 1410 summi
417 1342 574 1409 hominum
599 1353 746 1422 rectores,
780 1353 896 1430 quanto
933 1345 1045 1410 ceteris
1077 1344 1232 1432 impunius

131 1450 277 1531 peccent:
302 1442 408 1530 itaque
424 1442 486 1509 lide
505 1443 629 1509 sublate
645 1443 737 1509 lferis
757 1451 850 1509 erunt
872 1443 993 1521 similes,
1019 1465 1151 1530 quarum
1168 1445 1231 1510 rim

132 1565 238 1608 omnes
255 1543 434 1609 exhorrent.
486 1543 531 1608 Et
542 1541 665 1628 justitie
681 1542 806 1628 quidem
822 1542 854 1607 in
871 1543 984 1608 ceteris
1003 1544 1066 1608 suis
1088 1542 1231 1632 pertibus

129 1664 214 1730 saepe
230 1643 326 1709 hebet
342 1640 458 1729 aliquid
475 1641 616 1708 obscuri:
641 1649 675 1707 et
692 1641 764 1707 fidei
781 1639 935 1708 vinculum
953 1664 1010 1729 per
1032 1663 1067 1708 se
1087 1642 1231 1708 menifes-

129 1750 198 1810 tum
214 1751 271 1819 est,
294 1741 357 1806 imo
373 1741 443 1806 ideo
466 1763 590 1828 quoque
612 1749 781 1829 usurpetur
803 1750 838 1807 ut
855 1740 895 1806 de
911 1740 1044 1831 negotiis
1061 1741 1160 1806 omnis
1178 1740 1231 1807 de-

127 1852 233 1910 metur
250 1840 429 1908 obscuritas.

205 1945 227 2007 3
262 1943 332 2020 Quo
358 1939 458 2028 magis
480 1960 591 2027 regum
616 1947 665 2005 est
686 1937 830 2028 religiose
854 1939 935 2006 hanc
960 1937 1072 2020 colere,
1097 1938 1230 2027 primum

129 2040 334 2118 conscientie,
352 2039 465 2107 deinde
480 2047 512 2104 et
528 2039 620 2104 samse
637 2060 739 2115 csuss,
763 2060 825 2124 qus
850 2048 914 2105 stet
936 2039 1028 2128 regni
1049 2039 1228 2106 auctoritas.

129 2141 182 2205 Ne
203 2141 347 2207 dubitent
365 2139 471 2228 igitur,
498 2138 627 2225 eosqui
654 2137 729 2224 ipsis
753 2137 881 2203 fallendi
903 2147 988 2203 artes
1011 2138 1172 2214 instillant,
1198 2138 1231 2205 id

130 2238 231 2326 ipsum
246 2240 349 2305 iacere
364 2237 449 2324 quod
465 2236 585 2304 docent.
632 2237 663 2301 N
665 2258 705 2301 on
721 2245 825 2323 potest
841 2236 896 2303 diu
915 2237 1062 2324 prodesse
1080 2237 1230 2317 doctrina,

130 2415 165 2473 ol,
182 2412 196 2459 d
213 2413 292 2473 πέρας
307 2416 350 2460 οὐκ
366 2412 438 2474 ἔχων,
458 2414 590 2475 ἑξοικιζειν
608 2416 656 2468 τῆς
705 2415 757 2461 sola
776 2429 830 2474 spes
850 2415 993 2475 relinquitur
1016 2416 1047 2461 r's's
1066 2416 1109 2476 qus'
1127 2415 1156 2462 ob
1176 2416 1231 2463 belli

131 2492 231 2545 porros
250 2488 310 2534 robe
327 2488 397 2547 αὐτῷ
416 2486 556 2547 χρωμένους
576 2487 601 2532 ἐς
616 2485 656 2532 det
705 2491 770 2537 mola
792 2505 838 2536 non
854 2491 880 2536 in
898 2496 947 2538 tuto
968 2494 1055 2539 vicunt.
1087 2492 1154 2552 Quid
1172 2493 1233 2539 enirn

129 2563 251 2623 πέφυκεν.
282 2563 341 2610 Nisi
357 2563 393 2609 ad
406 2567 428 2609 tc
442 2569 589 2623 presentem,
603 2576 655 2619 rex,
705 2566 829 2612 bocolisd
843 2566 1017 2623 medicantes,
1032 2568 1233 2626 qucmhomirrum

129 2638 180 2686 κιο
195 2640 320 2687 haberetur
335 2639 422 2694 cretio,
438 2652 556 2697 nunqnam
569 2641 656 2696 putos-
705 2640 778 2684 eitam
794 2640 819 2683 ιιι
828 2639 942 2697 ferorum
959 2642 1031 2686 situm
1046 2641 1154 2687 mutare?
1177 2655 1233 2687 wem

130 2728 206 2762 semus
231 2715 354 2762 Οιοιτοιιι
376 2712 482 2760 cabade
497 2713 582 2772 filium
606 2725 657 2757 cum
704 2712 806 2758 sublatis
817 2712 944 2770 federibus
955 2719 1063 2772 sequetur
1072 2720 1098 2759 ut
1107 2728 1183 2759 orum
1197 2715 1232 2760 in·

130 2792 205 2836 armis
228 2791 372 2836 ιιιιναιιινιιιιι
395 2787 421 2831 ιιι
437 2787 502 2844 fines
526 2786 655 2842 Rmmnos,
704 2790 967 2845 terrestermqerant
976 2787 1045 2832 tello.
1073 2787 1232 2834 Berlaausm

130 2863 249 2910 contemtis
268 2863 373 2922 primurn
392 2859 536 2916 juramentis
554 2858 656 2915 juratis,
705 2860 756 2905 sine
763 2860 817 2917 fine
834 2859 896 2904 tons
912 2858 959 2904 uim
976 2859 1067 2916 ιιιιιιι,
1087 2865 1113 2906 ιιι
1129 2861 1232 2909 homines

130 2938 194 2998 qnod
215 2938 276 2983 inter
294 2936 397 2982 homines
415 2947 527 2978 nmmum
539 2933 656 2992 firmissi-
703 2937 816 2993 perpetrm
835 2936 927 2980 teneant
948 2938 1040 2980 notura
1056 2947 1102 2981 suc
1119 2940 1232 2985 merres.

130 3024 236 3070 murique
253 3009 359 3056 creditur
373 3006 481 3052 veritatis
494 3011 515 3051 et
524 3005 588 3066 fidei
599 3007 657 3067 pip-
706 3005 782 3066 (Cep.
792 3003 844 3063 10.)

130 3100 192 3142 nus,·
216 3084 295 3144 ruptis
317 3087 431 3144 praetem
448 3079 582 3140 federibus,
605 3097 656 3143 quc

131 3339 217 3395 owey,
234 3339 265 3378 ss
277 3322 411 3380 Aristotle
421 3341 492 3397 says,
510 3327 550 3381 ιιο
564 3327 724 3382 intercourse
735 3329 836 3397 osmeri
848 3328 871 3381 is
886 3327 1026 3382 οιοιὶιιιι.

188 3417 205 3464 2
235 3409 390 3466 Therelore
403 3412 500 3468 Cicero
514 3413 619 3484 rightly
631 3430 702 3484 says,
717 3413 780 3468 thet
794 3414 817 3468 it
829 3413 852 3466 is
863 3414 1003 3467 atrocious
1019 3419 1049 3465 ιο
1064 3409 1151 3466 bresk
1169 3410 1233 3467 thet

130 3496 202 3552 saith
213 3496 304 3552 which
317 3496 398 3552 holds
413 3497 462 3552 life
474 3498 621 3568 together3
642 3500 684 3552 rte
694 3498 784 3552 boliest
793 3498 864 3568 yood
876 3499 913 3567 os
928 3498 969 3550 rte
983 3498 1086 3549 ιιιοιαιι
1099 3497 1183 3559 teon,
1201 3513 1232 3551 as

132 3583 240 3636 Seneca
258 3583 366 3654 speaks.
404 3581 469 3636 And
486 3582 551 3646 this,
570 3582 618 3637 the
635 3599 765 3653 supreme
783 3582 872 3636 rulers
892 3581 925 3636 of
943 3581 1077 3635 munkind
1095 3580 1184 3652 ought
1201 3587 1231 3637 to

130 3666 167 3722 be
188 3683 268 3722 more
288 3666 395 3722 esrefrd
424 3666 457 3721 of
479 3668 649 3738 preserring,
676 3669 707 3721 in
732 3667 898 3739 proportion
919 3683 949 3721 es
968 3667 1035 3738 they
1057 3665 1129 3721 hsre
1153 3683 1232 3722 more

130 3753 270 3822 impunity
281 3751 325 3806 sor
337 3751 412 3807 their
422 3752 571 3807 violatione
582 3752 614 3807 of
622 3754 661 3808 it:
677 3769 709 3808 so
723 3752 786 3807 that
796 3753 823 3806 if
834 3751 907 3807 tuith
921 3752 957 3807 bc
970 3753 1054 3807 taken
1066 3769 1152 3825 uwsy,
1164 3752 1233 3825 they

131 3838 187 3892 will
198 3838 234 3892 be
249 3837 306 3893 like
317 3836 382 3892 wild
393 3837 496 3903 ιοιιιιιιι,
513 3837 605 3894 whose
617 3838 745 3910 strength
761 3840 784 3893 is
798 3855 834 3893 sn
849 3838 942 3910 object
954 3839 987 3894 os
994 3839 1109 3911 general
1119 3838 1230 3895 horror.

129 3922 195 3978 And
214 3923 245 3976 in
260 3922 342 3978 other
361 3930 439 3995 ports
454 3924 487 3978 οι·
501 3925 537 3978 its
556 3924 666 3998 ephoro,
682 3926 784 3995 justice
805 3925 855 3980 hes
870 3926 949 3981 osten
963 3925 1116 3981 somewhst
1130 3925 1232 3981 thetis

130 4009 265 4073 obscure;
288 4009 340 4064 but
351 4009 401 4065 the
410 4009 487 4065 bond
504 4010 537 4065 οι·
553 4010 628 4082 good
641 4010 715 4066 felth
726 4013 749 4066 is
763 4011 940 4067 manifestos
954 4012 1039 4074 itself,
1058 4010 1115 4065 end
1128 4010 1231 4067 indeed

128 4095 153 4150 is
170 4095 240 4150 used
252 4100 282 4150 to
297 4111 409 4151 remove
423 4096 565 4168 obscurity
574 4096 648 4151 from
660 4097 699 4151 ull
712 4096 795 4151 other
805 4103 930 4152 mettere.

189 4186 205 4237 3
232 4179 296 4235 And
308 4180 449 4236 therefore
461 4182 484 4236 it
494 4182 518 4236 is
530 4181 679 4255 especially
691 4181 740 4237 the
752 4183 831 4237 office
842 4182 875 4237 of
885 4182 975 4252 kings,
989 4187 1020 4236 to
1033 4179 1143 4235 cherish
1157 4181 1232 4251 good

128 4265 219 4330 feith3
238 4267 307 4332 first,
319 4267 365 4322 for
379 4266 429 4322 tho
442 4267 509 4323 sake
521 4266 555 4322 οι
566 4268 737 4334 conscience,
751 4268 807 4321 end
819 4267 897 4331 then,
913 4266 960 4321 for
972 4266 1020 4322 the
1031 4267 1098 4323 sake
1113 4266 1147 4321 of
1157 4266 1232 4338 good

130 4353 254 4425 opinion,
271 4353 310 4425 by
329 4352 420 4407 which
439 4352 488 4408 the
508 4352 651 4425 authority
662 4352 696 4408 οι·
714 4352 862 4424 kingdoms
882 4352 985 4408 stands.
1022 4353 1077 4407 Let
1097 4351 1176 4408 thern
1196 4351 1232 4409 be

130 4438 237 4494 certain
251 4438 394 4495 therefore
408 4437 471 4496 thet
490 4437 558 4512 they
580 4439 642 4497 who
665 4439 743 4495 instil
763 4440 823 4495 into
844 4439 923 4496 them
937 4443 996 4494 octs
1010 4437 1044 4493 of
1061 4437 1161 4504 deceit,
1182 4454 1232 4494 are
