2986 5048
135 241 203 296 Car.
218 237 284 310 111.]
397 242 583 305 GENTIUII,
606 242 673 295 UBI
695 243 746 295 DE
771 243 1007 298 INDICTIONE.
1032 243 1037 253 '
1200 233 1238 294 65

134 409 312 495 petebatur.
365 408 431 470 Imo
454 416 486 471 et
509 406 580 471 belli
606 406 638 469 in
664 407 825 493 Pyrrhum
852 407 978 472 indictio
1003 408 1085 473 facta
1111 417 1157 472 est
1185 409 1239 473 uni

135 507 268 572 militum
293 506 420 593 Pyrrhi,
441 505 533 590 idque
559 505 590 568 in
616 505 696 570 circo
723 505 885 582 Flaminio,
903 506 955 572 ubi
979 506 1006 571 is
1029 508 1116 572 miles
1136 507 1237 572 locum

135 628 242 671 emere
268 605 344 671 dicis
370 627 460 671 eausa
482 605 662 693 jubebatur,
690 613 726 671 ut
755 605 883 670 Servius
913 616 1022 672 narrat
1049 608 1090 672 ad
1121 630 1235 672 nonum

135 705 298 774 AEneidos.

213 808 233 870 3
268 807 475 892 Supervacua
508 803 732 869 observationis
766 813 799 870 et
831 805 889 870 hoe
923 815 1141 893 argumentum
1176 816 1232 883 est,

134 906 218 992 quod
235 905 346 970 bellum
364 927 448 992 saepe
469 904 616 990 utrinque
635 903 782 970 indictum
805 914 862 981 est,
885 913 920 970 ut
939 905 1233 991 Peloponnesiacum
1247 920 1400 971 Theraei-²⁹·

132 1027 153 1069 a
171 1005 416 1093 Corcyrensibus
439 1012 471 1070 et
494 1003 673 1080 Corinthiis,
694 1025 762 1069 eum
788 1005 828 1069 ab
848 1005 949 1070 altera
969 1015 1060 1091 parte
1085 1005 1232 1072 indictum

133 1127 199 1170 esse
215 1105 353 1171 sufficiat.

207 1205 299 1269 VIII.
349 1207 379 1269 A
396 1226 483 1269 more
498 1213 602 1270 autem
621 1212 653 1269 et
670 1202 816 1269 institutis
834 1204 1029 1290 quorundam
1046 1205 1231 1292 populorum

131 1326 195 1369 non
212 1305 316 1390 ajure
333 1304 472 1393 gentium
496 1313 578 1380 sunt,
596 1303 768 1368 ueaduceus
784 1305 868 1390 apud
887 1304 1023 1380 Graecos,
1041 1305 1182 1393 sagmina
1200 1317 1232 1374 et

130 1404 223 1470 hasta
239 1405 410 1492 sanguinea
430 1404 514 1491 apud
540 1402 721 1490 AEquicolas
741 1402 884 1488 primum,
904 1413 935 1468 et
955 1405 1065 1470 horum
1089 1406 1231 1493 exemplo

131 1505 216 1589 apud
238 1506 404 1581 Romanos,
430 1502 622 1568 renunciatio
648 1501 789 1567 amicitiae
815 1512 847 1567 et
872 1503 1028 1568 societatis
1053 1503 1078 1568 si
1104 1526 1167 1589 qua
1183 1505 1230 1568 in-

131 1604 330 1679 tercessisset,
356 1612 428 1689 post
451 1625 504 1668 res
528 1601 677 1688 repetitas
701 1600 831 1689 triginta
854 1602 921 1667 dies
943 1602 1093 1678 solennes,
1112 1604 1231 1667 xhastae

131 1703 233 1768 missio
257 1704 382 1779 iterum,
408 1711 440 1769 et
462 1702 524 1767 alia
545 1701 578 1766 id
603 1723 712 1789 genus,
738 1722 809 1786 quae
834 1722 903 1765 cum
929 1700 977 1765 his
1009 1722 1080 1786 quae
1105 1702 1231 1789 proprio

127 1801 210 1887 juris
234 1801 374 1891 gentium
407 1811 480 1868 sunt
510 1801 656 1867 confundi
681 1823 743 1865 non
770 1808 902 1886 oportet.
954 1801 1036 1864 Nam
1061 1810 1093 1867 et
1118 1801 1230 1866 horum

132 1923 278 1989 inagnam
311 1910 429 1989 partem
461 1925 516 1967 suo
550 1911 691 1987 tempore
722 1899 867 1986 usurpari
900 1899 1026 1964 desiisse
1057 1900 1148 1966 docet
1173 1924 1229 1966 nos

130 2002 307 2066 Arnobius:
342 2001 404 2066 imo
432 2002 499 2088 Jam
531 1999 684 2067 Varronis
715 2022 784 2064 aevo
816 2000 960 2085 quaedam
994 1999 1226 2067 emittebantur.
1240 2009 1349 2097 mg}

129 2102 278 2167 Punicum
304 2102 417 2167 bellum
443 2101 569 2167 tertium
603 2099 693 2164 simul
724 2099 883 2175 indictum,
910 2100 1000 2165 simul
1025 2099 1145 2166 illatum
1170 2109 1225 2168 est.
1240 2088 1390 2194 mlii-22

129 2202 172 2266 lit
188 2204 343 2268 hiaeeenas
365 2199 464 2289 lapud
489 2201 622 2266 Dionem
643 2200 785 2286 quaedam
804 2200 913 2265 horum
932 2200 998 2265 vult
1015 2202 1142 2288 propria
1159 2224 1226 2267 esse
1238 2195 1300 2323 333
1311 2197 1356 2234 '‘¹'‘

126 2309 227 2367 status
244 2302 409 2389 popularis.
1239 2286 1387 2372 iili.i›lli²¹¹'

204 2402 260 2465 IX.
312 2401 465 2468 indictum
487 2408 591 2467 autem
613 2399 727 2466 bellum
751 2399 778 2464 ei
801 2399 853 2486 qui
874 2399 1037 2488 imperium
1058 2401 1089 2465 in
1113 2401 1225 2489 populo
1239 2379 1295 2426 μη

126 2560 235 2619 summi,
266 2574 324 2607 roca
350 2560 503 2621 Κηρῦκειονε
541 2559 649 2620 Inprimis
703 2557 778 2605 Voles.
793 2557 880 2617 Gran.)

125 2631 314 2693 Tnucrmusss,
329 2631 383 2678 Lib.
398 2644 416 2676 ι.
435 2645 488 2690 cup.
503 2632 540 2678 63.
562 2637 588 2679 et
604 2632 647 2678 ult.
744 2633 855 2679 ⁷Nescio
873 2633 922 2677 ubl.
954 2633 1021 2678 Nihil
1037 2638 1101 2679 certe
1118 2632 1143 2677 in
1163 2632 1225 2678 Ora-

123 2703 152 2751 J.
161 2704 206 2765 B.]
700 2708 765 2753 tione
785 2707 826 2752 illa
846 2709 905 2752 satis
924 2706 1007 2766 longa,
1026 2721 1080 2765 quae
1100 2707 1155 2752 Lib.
1168 2720 1224 2752 urit.

168 2787 181 2813 ¹
195 2779 282 2827 Hamoe
298 2779 390 2840 missio]
411 2779 474 2827 Vide
492 2780 598 2826 Servium
617 2779 648 2825 ad
699 2782 798 2842 legitur.
830 2781 955 2839 Originum
972 2782 1058 2825 erroris
1069 2794 1098 2826 ex
1109 2794 1147 2834 eo,
1160 2780 1225 2838 quod

124 2867 163 2900 rx.
178 2856 303 2914 AEueidos,
323 2856 393 2914 (vers.
411 2856 459 2911 53.)
494 2854 648 2900 Ammianum
699 2858 794 2903 Auctor
807 2861 889 2901 noster
902 2857 995 2915 legerat
1008 2856 1071 2916 apud
1086 2853 1224 2900 hibericum

122 2942 183 2974 xix.
198 2935 223 2975 et
236 2943 290 2988 quia
302 2930 332 2974 ad
343 2942 398 2975 eum
412 2932 496 2974 notata
509 2943 524 2974 ι
538 2928 649 2975 doetissi·
701 2931 831 2986 Gentilem,
847 2931 993 2976 ostendimus
1008 2931 1032 2976 in
1050 2930 1115 2977 Nota
1132 2929 1225 2976 Gallica

123 3002 425 3062 meLindenbrogio,(cap.
433 3004 458 3051 ii.
469 3004 585 3063 pagata
597 3002 648 3050 Ed.
700 3006 804 3051 adhunc
815 3006 903 3051 locum.
933 3006 1001 3054 J.B.

464 3133 828 3143 —-—---—-—..-..
840 3137 850 3141 -
862 3137 873 3141 -
887 3137 897 3140 -

123 3217 255 3273 declared
269 3235 305 3274 on
321 3237 375 3276 one
389 3222 448 3277 sida
464 3223 539 3293 only.

177 3305 255 3361 VIII.
294 3307 387 3362 There
402 3325 450 3363 are
465 3326 542 3363 some
556 3307 650 3380 things
665 3310 755 3365 which
773 3310 875 3381 belong
896 3316 925 3365 to
941 3310 990 3365 the
1004 3312 1178 3365 instItutions
1192 3309 1226 3363 of

121 3393 228 3445 certain
240 3393 360 3458 natione,
369 3401 419 3448 not
430 3401 459 3449 to
471 3393 519 3449 the
530 3394 596 3448 Lau
608 3396 640 3449 of
647 3396 768 3450 Nations
779 3397 808 3449 in
820 3396 949 3466 genereth
964 3413 994 3448 as
1006 3396 1055 3449 the
1068 3395 1221 3457 Caduceus,

121 3491 155 3530 or
171 3478 299 3534 Herald's
314 3480 366 3534 rod
382 3497 486 3551 among
501 3479 549 3534 tho
568 3482 692 3546 Greeks3
710 3481 759 3535 the
777 3482 902 3551 romisino
914 3479 1023 3543 (sacred
1042 3476 1149 3542 herba)
1164 3478 1222 3530 and

120 3562 223 3636 bloody
237 3582 328 3636 spear,
340 3582 443 3637 among
455 3566 504 3620 the
516 3567 657 3637 Equicolm
672 3573 702 3621 at
714 3568 782 3628 tirst,
795 3566 850 3619 and
863 3565 911 3619 tho
923 3565 1058 3635 adoption
1071 3564 1104 3618 oi
1116 3562 1171 3616 this
1184 3563 1222 3634 by

119 3647 169 3702 the
180 3651 322 3717 Romans;
341 3650 390 3706 the
405 3653 600 3707 renunciation
618 3653 651 3707 of
667 3651 822 3722 friendship
838 3653 894 3705 and
909 3650 1037 3714 allianco,
1052 3651 1078 3704 if
1091 3667 1147 3721 any
1164 3648 1221 3704 had

118 3735 239 3799 eststed3
257 3736 306 3791 tha
318 3737 406 3808 thIrty
418 3738 570 3809 appointed
582 3738 650 3810 days
661 3739 736 3793 aiter
746 3738 794 3793 the
806 3738 928 3792 demand
939 3736 972 3791 of
983 3738 1156 3801 restitution;
1171 3736 1221 3791 the

117 3821 238 3890 sending
259 3822 292 3875 ot
308 3822 357 3878 the
378 3840 496 3894 spaera
516 3825 620 3878 second
638 3826 724 3889 timo;
746 3824 801 3878 and
821 3824 903 3879 other
921 3824 1103 3879 observances
1123 3823 1156 3877 of
1171 3822 1220 3878 the

117 3921 197 3959 sume
210 3906 289 3969 kind,
302 3908 391 3963 which
406 3926 456 3964 are
470 3919 521 3964 not
536 3918 566 3965 to
580 3910 617 3965 be
632 3911 809 3967 confounded
823 3912 889 3965 with
902 3911 997 3981 things
1012 3910 1101 3964 which
1116 3909 1220 3979 belong

117 3998 148 4045 to
164 3991 214 4045 tho
226 3992 292 4045 Lau
307 3993 340 4047 ot'
351 3994 471 4051 Nations
485 3997 515 4050 in
531 3997 655 4068 general.
693 3998 749 4050 For
764 3997 903 4050 arnobius
918 3996 1035 4050 informs
1050 4012 1083 4048 us
1095 3993 1158 4047 that
1169 3991 1219 4046 the

116 4083 232 4147 greater
245 4085 310 4149 part
329 4080 362 4134 of
379 4080 460 4137 those
478 4082 571 4153 things
588 4082 644 4136 had
665 4081 764 4135 ceased
781 4088 812 4133 to
826 4080 863 4133 be
876 4080 1016 4150 praecised
1031 4081 1059 4131 tn
1075 4078 1118 4130 his
1134 4076 1218 4140 time;

116 4163 171 4217 and
185 4180 256 4219 even
265 4166 294 4219 in
306 4165 354 4221 the
365 4168 461 4240 ageos
469 4169 560 4222 Varro
573 4185 651 4221 some
663 4183 735 4221 uere
745 4164 872 4220 omitted.
902 4164 963 4217 Tho
975 4162 1051 4216 third
1062 4160 1151 4214 Punic
1162 4176 1219 4213 war

116 4266 171 4303 was
192 4250 323 4306 declared
344 4255 401 4308 aud
420 4253 601 4309 commenced
622 4259 652 4306 at
671 4252 720 4306 the
743 4265 820 4304 same
838 4249 915 4303 tirne.
952 4246 1017 4299 And
1036 4247 1174 4300 Mmcenas
1189 4247 1220 4303 iu

115 4334 172 4390 Dio
183 4335 265 4393 holds
277 4338 341 4394 that
352 4356 432 4395 semo
444 4340 478 4394 of
488 4341 568 4394 these
580 4338 683 4408 belong
698 4335 849 4408 especially
860 4342 890 4389 to
905 4351 922 4388 a
934 4332 1055 4406 popular
1068 4336 1148 4387 state.

168 4422 221 4478 1x.
260 4424 286 4479 A
301 4442 357 4479 war
377 4425 508 4482 declarati
529 4425 640 4496 against
651 4423 711 4478 him
724 4421 786 4477 who
800 4421 851 4477 has
867 4420 915 4477 the
929 4436 1061 4493 supreme
1075 4419 1219 4495 authority

216 4551 334 4640 [uuor.
349 4557 413 4644 nn]
1097 4506 1116 4568 5
