2986 5048
126 250 195 304 cin
210 243 275 317 ru]
308 246 432 301 nunno
456 247 635 313 sennaar,
655 248 705 301 nr
727 247 816 301 nuru
839 249 880 301 vr
902 249 944 302 nu
968 249 1127 304 coneus
1189 240 1232 307 tr

119 419 223 495 jacta
241 416 365 478 cadere.
401 411 487 476 Idem
505 410 596 476 alibi:
616 435 675 477 nec
692 413 762 476 illis
777 423 836 475 orit
852 414 1010 477 hortarere
1025 435 1099 498 eane
1114 416 1231 479 cadem
1245 432 1374 474 aaran.

120 515 179 597 jus
211 515 384 587 hominum,
409 523 468 576 aut
496 512 611 576 ulcisci
637 514 727 575 ratio
756 512 830 576 belli
850 514 1067 596 pernaittcbat.
1120 514 1231 599 Neque

128 612 220 676 aliter
238 611 417 676 sumendum
435 609 488 695 jus
506 610 587 686 belli,
615 611 698 695 quod
715 609 900 675 abstinuisse
920 611 1059 676 Achivos
1077 612 1181 678 AEnea
1198 621 1231 678 et

128 713 289 776 Antenore
314 719 465 775 memorat
500 708 615 784 Livius,
642 731 679 773 eo
706 709 788 794 quod
815 709 899 795 pacis
932 719 1074 775 auctores
1108 734 1230 800 semper
1242 729 1339 770 Luat

127 809 265 876 fuissent.
317 810 435 874 Seneca
452 808 485 873 iu
502 808 656 896 tragoedia
677 811 864 875 Troadibus
880 811 972 892 (vers.
991 813 1089 895 335):

363 929 557 999 Quodcunque
571 928 654 982 libuit
668 928 770 993 facere,
784 930 882 984 victori
897 929 972 984 licet.

127 1031 169 1094 Et
181 1028 213 1093 in
229 1026 385 1114 epistolis:
409 1020 494 1115 ¹qum
510 1030 596 1093 clam
609 1030 780 1094 commissa
797 1032 904 1113 capite
922 1030 1051 1105 luerent,
1070 1043 1137 1094 tum
1150 1034 1230 1116 quia
1243 1046 1345 1093 Erum

122 1131 282 1214 paludati
290 1130 452 1213 secarunt,
472 1128 669 1192 laudamus:
686 1136 719 1191 et
733 1127 917 1214 Cyprianus,
934 1131 1144 1194 homicidium
1157 1155 1230 1196 cum
1242 1141 1380 1226 {wem

127 1231 306 1293 admittant
328 1230 460 1313 simpuli,
485 1230 606 1293 crimen
627 1239 693 1292 est:
719 1229 825 1292 uirtus
845 1240 979 1293 uocatur
1004 1252 1076 1295 cnm
1100 1232 1230 1313 publice
1241 1233 1318 1326 ἔξω
1327 1244 1361 1282 ¹²1³·

125 1331 274 1413 9eritur:
306 1330 535 1411 impunitatem
563 1328 733 1392 sceleribus
767 1328 913 1412 acquirit
943 1351 1007 1393 non
1040 1332 1229 1396 innocentia

128 1431 225 1503 ratio,
262 1429 318 1493 scd
349 1429 484 1493 soeoitiae
517 1429 719 1511 mapnitudo.
762 1426 901 1491 Deinde:
939 1450 1119 1494 consensere
1144 1432 1229 1513 jura

124 1529 277 1612 peccatis,
304 1540 334 1593 et
351 1530 447 1613 eoepit
462 1549 527 1592 esse
550 1528 675 1591 licitum
692 1529 778 1612 quod
797 1527 970 1611 publicum
990 1541 1044 1594 eat.
1084 1528 1135 1593 Sic
1153 1530 1229 1594 Lac-

127 1626 243 1692 tentius
260 1628 417 1691 Romanos
433 1625 478 1692 ait
494 1625 632 1714 legitime
648 1625 776 1710 injurias
790 1625 941 1693 intulisse.
973 1628 1041 1692 Nee
1058 1626 1120 1692 alio
1136 1650 1227 1693 sensu
1241 1652 1292 1706 rau.
1302 1652 1349 1690 nst.

129 1727 290 1791 Lucanus:
311 1730 430 1812 jusque
446 1728 560 1791 datum
576 1727 699 1791 sceleri.
1240 1698 1351 1791 iiiam

200 1825 261 1891 VI.
299 1826 377 1889 Late
394 1833 496 1890 autem
512 1834 599 1911 patet
615 1826 675 1890 hoc
686 1825 740 1910 jus
756 1823 908 1890 licentia:
928 1847 998 1890 nam
1015 1826 1148 1913 primum
1166 1850 1228 1893 non

129 1946 182 1989 cos
197 1932 317 1989 tautum
335 1925 573 2012 comprehendit,
600 1924 654 2010 qui
675 1933 748 1991 actu
764 1924 832 2011 ipso
851 1947 939 1989 arma
955 1935 1079 2015 gerunt,
1103 1937 1158 1993 aut
1174 1927 1228 2014 qui

129 2024 242 2089 bellum
260 2025 410 2089 moventis
426 2023 541 2090 subditi
566 2034 647 2100 sunt,
665 2025 720 2090 sed
738 2047 844 2089 omnes
866 2025 959 2090 etiam
977 2026 1030 2112 qui
1047 2026 1131 2092 iutra
1152 2028 1228 2092 fines
1268 2095 1270 2098 ,

127 2133 199 2190 sunt
215 2123 359 2190 hostiles:
385 2125 468 2210 quod
485 2133 628 2211 apertum
643 2124 679 2190 fit
693 2147 731 2189 ex
749 2124 817 2209 ipsa
835 2124 967 2189 formula
983 2127 1067 2213 apud
1085 2127 1227 2193 Livium:

127 2227 227 2290 hostie
248 2226 292 2289 sit
316 2225 382 2300 illc,
408 2226 526 2310 quique
550 2226 642 2288 intro
659 2227 823 2310 presidia
848 2226 914 2308 ejice
938 2239 1024 2291 sunt.
1072 2227 1226 2292 Nimirum
1239 2243 1375 2329 &offla

127 2324 200 2410 quia
216 2324 256 2388 ab
272 2323 331 2388 illis
348 2345 471 2410 quoque
494 2323 639 2387 damnum
657 2324 752 2389 metui
769 2332 880 2411 petest,
907 2326 990 2411 quod
1008 2326 1039 2390 in
1057 2327 1137 2392 bello
1155 2349 1226 2392 con·
1237 2336 1323 2384 wir·

127 2424 212 2488 tinuo
229 2433 262 2489 et
277 2422 443 2488 universali
459 2422 569 2487 sufficit
585 2430 621 2487 ut
637 2422 735 2488 locum
753 2423 868 2489 habeat
880 2424 933 2511 jus
950 2425 989 2490 de
1007 2448 1067 2512 quo
1085 2426 1226 2514 agimus:

126 2522 218 2589 aliter
234 2545 327 2609 quam
340 2522 372 2586 in
390 2521 665 2609 pignorationibus,
684 2545 763 2609 quse,
781 2533 817 2589 ut
834 2523 975 2599 diximus,
994 2526 1035 2589 ad
1052 2525 1228 2613 exemplum

126 2645 252 2689 onerum
282 2622 495 2709 impositorum
527 2621 568 2685 ad
600 2621 714 2687 luenda
744 2622 876 2687 civitatis
908 2623 1014 2688 debita
1042 2623 1228 2690 introducta

127 2800 266 2860 Spartianus
278 2799 379 2844 Severo:
391 2799 482 2855 prater
492 2808 530 2839 eos
539 2808 600 2854 quos
607 2794 651 2851 jus
701 2795 760 2854 quia
765 2794 881 2853 paludati
883 2795 1001 2853 fecerunt,
1011 2793 1147 2854 laudamus]
1162 2795 1228 2842 Con-

121 2875 203 2935 proelii
213 2874 332 2919 absumsit.
361 2872 371 2930 (
377 2871 438 2930 Cap.
449 2869 499 2932 14.)
700 2868 738 2913 ier
747 2882 801 2928 quae
811 2881 884 2926 supra
893 2868 954 2913 libro
965 2881 995 2914 11.
1005 2882 1057 2927 cap.
1064 2869 1082 2914 i.
1092 2868 1106 2927 5
1118 2870 1139 2915 1.

173 2950 180 2983 ¹
193 2949 253 3009 Qum
264 2947 385 2994 commata
400 2945 478 3004 eapite
491 2945 588 3002 luermt,
604 2948 652 2989 tum

441 3090 515 3103 ...-
747 3089 905 3098 ...-.-.-.-..

128 3209 207 3264 merit,
229 3201 304 3254 umen
326 3202 383 3273 they
407 3221 455 3257 are
476 3204 544 3256 done
565 3202 595 3255 in
613 3203 654 3256 the
674 3200 803 3272 peneral’s
818 3202 901 3266 eleale,
917 3220 954 3256 uu
964 3204 1057 3274 proice
1064 3222 1074 3263 ,·
1093 3203 1150 3256 and
1171 3202 1225 3274 Gy·

126 3286 215 3357 priua,
234 3287 319 3340 When
337 3288 504 3342 individuale
521 3289 628 3342 commit
647 3289 781 3352 homicide,
800 3289 821 3341 it
841 3291 897 3343 isa
916 3289 1014 3350 crinin·
1036 3291 1058 3343 it
1072 3290 1095 3342 is
1109 3289 1195 3343 called
1208 3307 1227 3340 a

125 3374 211 3427 virtue
224 3374 300 3426 when
320 3374 387 3427 done
402 3375 532 3444 publiely.
577 3374 719 3444 Impunity
734 3375 757 3428 ia
771 3376 899 3444 acquired
912 3383 958 3427 not
973 3376 1006 3443 by
1021 3376 1165 3436 innocense,
1181 3376 1226 3426 but

126 3460 159 3527 by
173 3460 213 3513 the
224 3467 361 3530 preatnesa
382 3461 418 3530 os
431 3461 472 3514 the
487 3461 611 3533 mischics
624 3460 698 3514 done.
736 3459 800 3512 And
822 3461 914 3529 again,
931 3459 1029 3527 Riqhta
1042 3474 1109 3511 uere
1123 3474 1227 3510 accom-

125 3545 248 3599 modated
274 3554 301 3598 to
328 3547 369 3599 tho
395 3546 560 3601 convenience
582 3548 619 3616 os
635 3547 675 3599 the
692 3546 827 3615 offenders,
848 3545 906 3597 ancl
927 3544 984 3595 that
1006 3544 1107 3596 became
1129 3543 1228 3613 lawsul

124 3630 208 3684 which
228 3648 286 3684 was
304 3631 405 3701 public.
452 3632 491 3686 So
515 3632 679 3686 Lactantius
703 3647 765 3700 says
791 3629 854 3683 that
876 3629 925 3682 the
952 3628 1076 3681 Romans
1102 3627 1228 3684 inflicted

124 3715 238 3784 injurias
252 3716 445 3788 legitimately,
458 3717 514 3771 and
529 3719 626 3771 Lucan
639 3717 739 3788 speaks
754 3715 787 3769 oi
799 3716 870 3786 ripht
883 3717 960 3786 picen
975 3724 1000 3769 to
1016 3714 1177 3770 emehedness.

176 3801 228 3855 VI.
274 3802 338 3855 And
368 3802 424 3856 this
452 3802 528 3873 right
552 3808 583 3857 to
610 3803 646 3856 do
673 3801 742 3857 such
768 3801 862 3873 things
881 3819 912 3856 as
935 3801 1132 3868 allowable,is
1159 3820 1227 3874 very

126 3885 364 3956 comprehensive.
401 3889 459 3943 For
473 3890 503 3942 in
514 3888 563 3943 the
575 3889 636 3942 first
650 3889 738 3960 place,
750 3889 773 3942 it
787 3887 990 3961 comprehende
1005 3896 1055 3944 not
1067 3889 1133 3960 only
1145 3889 1226 3944 those

124 3970 188 4025 who
203 3971 326 4044 actually
339 3973 409 4029 bear
423 3991 506 4040 arma,
527 3991 559 4029 or
576 3975 639 4029 who
653 3992 702 4029 are
722 3975 771 4029 the
789 3975 910 4044 subjecte
925 3975 958 4029 of
975 3974 1034 4027 him
1054 3974 1115 4029 who
1130 3975 1227 4027 makes

124 4057 174 4112 the
189 4075 253 4124 war,
267 4058 319 4114 but
333 4060 371 4114 all
384 4060 446 4115 who
458 4077 506 4115 are
521 4060 618 4114 within
632 4060 681 4112 the
695 4059 797 4113 hostile
811 4060 995 4124 boundaries3
1012 4076 1043 4112 aa
1055 4075 1173 4129 appears
1190 4059 1227 4128 by

124 4143 174 4199 the
194 4144 318 4200 formula
335 4147 365 4200 in
379 4147 467 4219 Livy:
492 4147 544 4201 Lat
559 4146 615 4197 tim
630 4146 658 4197 bc
673 4162 711 4196 an
725 4161 824 4213 enemy,
839 4146 897 4196 aad
914 4146 983 4197 those
1001 4145 1058 4196 that
1075 4159 1123 4196 cre
1140 4144 1228 4197 urtder

123 4231 164 4283 his
182 4233 342 4302 protection.
390 4233 457 4287 This
479 4233 503 4287 is
525 4229 599 4292 held,
623 4229 742 4283 because
764 4229 833 4282 such
854 4244 969 4299 persona
994 4228 1053 4281 also
1076 4243 1142 4298 may
1164 4230 1227 4299 give

124 4318 253 4373 occasion
271 4318 318 4371 sor
331 4317 400 4383 tear,
416 4317 505 4373 which
520 4317 548 4370 in
563 4333 581 4370 a
595 4313 745 4370 continued
764 4313 820 4368 aud
836 4312 974 4368 extended
989 4329 1053 4376 war,
1074 4314 1182 4370 suffioes
1197 4322 1227 4371 to

124 4402 310 4459 establishthe
329 4403 405 4474 right
428 4404 460 4460 ol
479 4401 576 4457 which
600 4418 641 4456 we
660 4400 757 4472 speak.
803 4399 870 4456 This
891 4416 954 4455 ease
969 4400 992 4456 is
1007 4399 1139 4456 different
1153 4402 1230 4458 from
