2986 5048
131 293 201 347 (ier.
215 285 283 359 XI.]
363 288 659 344 INTERFICIENDI
680 290 724 344 IN
745 291 870 347 BELLO
892 294 1023 350 JUS'l'O.
1172 288 1234 351 199

130 454 332 545 susceperint,
355 454 486 521 ferenda
502 476 626 542 quoque
642 456 683 521 ab
700 455 774 544 ipsis
790 457 865 522 belli
882 459 971 524 mala
1023 459 1236 527 infortunato-

130 581 201 624 rum
224 553 401 643 exemplum
421 562 493 620 sunt
518 555 571 631 illi,
598 555 736 642 quinon
761 556 866 621 hostili
894 557 996 624 animo
1022 560 1106 646 apud
1130 561 1236 627 hostes

131 666 212 734 sunt,
239 655 348 743 qusles
368 654 576 720 Athenienses
597 654 789 742 temporibus
809 656 1041 734 Mithridaticis,
1067 659 1235 745 dequibus

131 758 174 823 sie
194 756 333 843 loquitur
350 752 489 820 Velleius
508 754 709 821 Paterculus:
733 757 858 842 siquis
878 759 936 822 hec
959 759 1140 824 rebellandi
1160 771 1235 825 tem·
1246 777 1362 818 narres

125 879 203 943 prm,
221 878 284 942 qua
299 856 435 921 Athena
450 864 648 939 oprpuynatoe
669 877 692 918 a
709 855 810 921 Salia
830 869 915 934 sunt,
939 858 1083 945 imputat
1099 861 1235 925 Atheni-

132 957 270 1030 ensibus,
296 955 434 1018 nimium
457 956 528 1018 ueri
549 956 780 1037 uetustatisquc
801 958 940 1040 ipnarus
960 970 1028 1023 cst:
1054 960 1134 1024 adeo
1150 960 1235 1025 enim

133 1068 224 1121 certa
238 1053 484 1119 Atheniensium
500 1053 538 1117 in
556 1055 722 1120 Romanos
740 1056 824 1137 fides
838 1057 924 1140 fuit,
948 1069 985 1121 nt
1001 1080 1123 1141 semper
1145 1071 1176 1124 et
1198 1060 1236 1123 in

132 1156 221 1220 omni
236 1176 281 1229 re,
307 1153 468 1238 quicquid
482 1153 611 1216 sincera
618 1154 688 1234 fide
708 1166 883 1237 pereretar,
907 1157 945 1220 id
959 1157 1103 1221 Ranzani
1119 1159 1236 1223 Attica

125 1256 203 1337 fieri
214 1254 447 1339 predicarent.
491 1253 639 1316 Ceterum
657 1264 725 1316 tum
741 1256 887 1340 oppressi
898 1255 1114 1320 Mithridatis
1131 1259 1236 1323 armis

131 1355 274 1418 homines
290 1352 481 1416 miserrima
503 1351 707 1428 conditionis,
734 1375 807 1417 cum
824 1354 866 1415 ah
883 1355 1029 1418 inimicis
1046 1366 1235 1434 tenerentur,

133 1452 412 1537 oppupnahantnr
428 1450 471 1514 ab
488 1451 615 1526 amices,
632 1462 663 1514 et
679 1453 808 1516 animos
826 1463 922 1517 entra
939 1455 1070 1528 moenia,
1097 1476 1236 1539 corpora

131 1551 317 1616 necessitati
338 1549 508 1615 servientes
525 1551 617 1613 intra
640 1572 747 1614 maror
765 1550 950 1616 habebant.-
975 1573 1045 1639 quas
1069 1573 1143 1638 pars
1165 1574 1236 1639 pos-

131 1658 233 1715 trema
249 1670 290 1713 ex
307 1647 397 1712 Livio
417 1655 520 1713 sumta
535 1646 636 1713 rideri
655 1656 767 1734 potest,
784 1649 868 1734 apud
887 1671 978 1734 quem
1000 1650 1140 1716 Indibilis
1159 1651 1234 1716 His-
1246 1654 1399 1705 nemun.

131 1769 231 1835 panus
255 1768 368 1834 eorpus
390 1745 546 1812 duntaxat
570 1768 659 1812 suum
682 1747 767 1833 apud
791 1748 1072 1836 Carthaginienses,
1098 1749 1235 1816 animum

131 1848 216 1933 apud
233 1849 391 1912 Romanos
407 1845 454 1911 ait
470 1844 572 1910 fuisse.

207 1949 228 2012 2
262 1948 446 2021 Nimirum,
472 1951 508 2009 ut
529 1944 575 2010 ait
598 1943 717 2028 Cicero,
741 1969 856 2023 omnes,
880 1970 1016 2034 quorum
1039 1950 1077 2014 in
1098 1951 1235 2016 alterius
1247 1964 1370 2048 grysium

130 2069 232 2111 mann
247 2047 318 2113 uita
326 2048 442 2131 posita
458 2056 514 2122 est,
534 2046 654 2129 sapius
678 2049 832 2130 repitent,
856 2050 940 2129 quid
949 2050 1057 2132 possit
1077 2050 1117 2125 is,
1142 2050 1236 2132 cujas
1260 2037 1266 2049 ⁹

131 2149 168 2211 in
184 2149 307 2212 ditione
323 2167 366 2209 ac
375 2155 538 2230 potestate
550 2156 637 2220 secat,
656 2167 755 2229 paam
768 2149 849 2230 qaid
865 2148 979 2212 debeat
985 2150 1112 2231 facere.
1147 2148 1235 2212 Idem

130 2267 189 2331 pro
208 2243 354 2332 Ligario:
382 2245 516 2309 tertium
532 2255 578 2308 est
596 2254 728 2327 tempus,
745 2267 806 2327 qno
818 2257 896 2330 post
912 2248 1086 2311 advertam
1105 2248 1185 2311 Vari
1198 2250 1235 2312 in

131 2346 255 2429 Africa
271 2343 414 2408 restitit:
438 2344 525 2427 quod
546 2345 577 2407 si
595 2354 641 2407 est
657 2347 876 2422 criminosam,
895 2349 1097 2413 necessitatis
1113 2349 1235 2412 crimen

132 2456 188 2521 est,
210 2464 274 2507 nort
289 2442 476 2507 uoluntatis.
528 2440 633 2525 Atque
649 2441 708 2506 hoc
724 2449 848 2508 secutus
865 2451 913 2508 est
933 2444 1077 2510 Julianus
1092 2445 1125 2510 iu
1142 2465 1235 2509 causa

130 2539 383 2628 Aquileiensium,
407 2547 488 2604 teste
504 2538 678 2615 Ammiano,
702 2541 756 2626 qui
778 2563 847 2606 cum
864 2563 1033 2628 paucorum
1053 2543 1234 2629 supplicium
1247 2551 1385 2592 L¹h¹¹t¹2

131 2648 299 2718 narrasset,
328 2638 454 2724 adjicit:
474 2641 601 2702 residui
626 2661 732 2704 emeres
757 2642 909 2705 abierunt
933 2644 1070 2716 innoxii,
1096 2665 1174 2726 quos
1198 2645 1236 2706 in

130 2742 344 2804 certaminum
368 2738 493 2801 rabiem
523 2739 711 2802 ⁰necessitas
739 2750 858 2821 eperat,
889 2760 952 2801 non
976 2741 1135 2803 eclurrtas.
1183 2739 1235 2804 Ad

131 2837 325 2925 Thucydidis
350 2833 451 2899 locum
480 2832 520 2898 de
551 2834 790 2922 corcyrensium
821 2834 951 2921 captivis
980 2835 1114 2901 venditis
1145 2844 1353 2902 retusum-u

130 3015 193 3073 piar
206 3011 408 3073 ἀναγκασθέντες
421 3008 579 3065 ἀπέστησαν,
594 3024 658 3068 συγ·
706 3008 783 3055 Pnaio
793 3008 966 3055 sententiarum
976 3022 1001 3056 r.
1018 3010 1057 3056 tit.
1066 3011 1088 3057 1.
1104 3009 1153 3070 51.
1169 3013 1235 3057 certe

130 3089 231 3150 γνώμην
244 3088 303 3148 ἔχω’
319 3088 414 3148 ipnosm
432 3085 489 3141 iliis,
509 3084 550 3144 qui
567 3083 657 3144 defece·
707 3083 779 3139 enirn,
792 3088 820 3128 ut
835 3084 947 3143 Syncsius
961 3085 1003 3142 stt,
1019 3085 1124 3145 ἰσχυρὸν
1134 3083 1234 3144 ἀνάγκη

130 3168 186 3209 runt
202 3177 219 3208 a
234 3163 308 3219 nobis,
326 3166 419 3221 repente
436 3159 507 3205 hoste.
539 3158 656 3206 Cantenn-
706 3158 814 3217 πρᾶγμα
832 3158 872 3204 καὶ
888 3157 980 3216 βίαιον
1001 3173 1040 3205 ree
1055 3165 1089 3205 est
1105 3158 1189 3205 calida
1204 3172 1235 3204 ac

131 3232 492 3297 plntioextremmneoessitntis
506 3232 658 3279 hecdicitur
705 3232 808 3278 mannia
817 3232 950 3279 necessitas.
981 3231 1233 3281 JuvenslisdeCnln-

131 3485 297 3541 misfortunn
318 3487 375 3541 and
395 3488 529 3544 misdecd.
575 3488 613 3541 So
637 3485 775 3556 Gylippus
793 3484 935 3539 considers
950 3489 980 3536 to
995 3481 1085 3536 which
1097 3482 1168 3536 class
1183 3481 1234 3537 the

129 3569 286 3626 Atheniens
306 3571 419 3643 belong,
442 3572 500 3625 end
522 3587 585 3640 says
608 3569 677 3637 they
700 3584 773 3622 were
798 3573 850 3621 not
873 3584 940 3620 men
964 3564 1158 3627 unfortunate,
1180 3564 1234 3619 but

129 3657 235 3724 nujust,
252 3655 309 3709 and
327 3662 403 3710 must
422 3654 567 3710 therefore
583 3653 653 3706 bear
677 3651 727 3705 tho
746 3652 815 3705 evils
835 3651 869 3705 of
889 3667 954 3703 nur.
989 3649 1030 3704 of
1049 3649 1234 3704 unfortunate

129 3756 255 3809 persons,
274 3741 416 3810 examples
434 3756 483 3794 are
503 3739 584 3792 those
601 3737 663 3790 who
682 3752 732 3791 are
746 3736 814 3790 with
828 3736 878 3790 tho
890 3752 1000 3806 enemy,
1015 3735 1133 3789 without
1147 3735 1234 3807 being

131 3822 235 3876 hostile
255 3823 285 3875 in
306 3824 393 3888 mind,
410 3841 441 3879 as
464 3824 513 3879 the
533 3822 689 3877 Atheniens
708 3828 738 3876 nt
756 3821 806 3876 the
823 3824 892 3876 time
912 3822 945 3876 of
964 3820 1152 3875 Mithridates.
1193 3822 1232 3876 Se

130 3907 297 3962 Pnterculus
314 3908 453 3966 describes
467 3910 554 3974 them,
568 3908 702 3981 applying
722 3907 797 3962 what
815 3909 885 3979 Livy
900 3924 971 3979 says,
987 3907 1020 3961 of
1036 3907 1164 3961 Indibilis
1182 3906 1233 3962 the

131 3994 279 4065 Spaniam,
302 3993 365 4049 that
385 3995 429 4050 his
446 3996 522 4068 body
539 4012 595 4049 was
612 3994 680 4049 nith
697 3994 747 4048 the
770 3993 994 4066 Carthaginiens,
1012 3992 1055 4048 his
1070 3993 1148 4046 mind
1163 3992 1232 4046 with

130 4079 180 4134 the
195 4081 330 4135 Romans.

185 4171 201 4218 2
225 4167 263 4220 So
280 4167 379 4220 Cicero
397 4165 497 4238 speaks
515 4165 548 4221 ef
558 4165 644 4219 fanlts
659 4164 693 4219 of
706 4164 853 4234 necessity,
868 4179 898 4216 as
914 4161 1039 4233 opposed
1057 4167 1086 4214 to
1105 4160 1186 4214 those
1201 4159 1235 4214 of

129 4250 200 4305 will:
213 4267 244 4305 so
252 4252 391 4316 Julianus,
406 4252 455 4306 the
467 4256 671 4306 commentator
680 4267 717 4304 on
730 4248 917 4319 Thucydides,
925 4262 996 4317 snys,
1008 4244 1070 4299 thnt
1082 4244 1233 4316 according

128 4342 160 4390 to
176 4336 225 4391 the
243 4337 314 4390 rnild
333 4338 414 4409 spirit
434 4338 467 4390 of
478 4336 528 4392 the
547 4337 655 4391 Greeks
666 4335 715 4390 the
732 4333 891 4405 Corcyronu
907 4331 1029 4401 captivos
1044 4347 1117 4385 nero
1131 4331 1232 4401 spared

131 4436 169 4475 on
186 4421 242 4476 this
258 4422 377 4493 ground.
415 4422 476 4477 The
495 4423 628 4477 Plateans
649 4420 732 4492 plead
753 4418 802 4473 tho
822 4433 899 4472 same
915 4432 1016 4472 excuse
1030 4416 1060 4469 in
1077 4416 1214 4472 Isocrates
1223 4435 1233 4483 ς
