2986 5048
293 292 356 358 220
517 344 521 351 .
555 301 909 360 TEMPERAMENTUM
930 303 1045 359 (illice
1065 303 1135 361 tus
1253 301 1328 373 [ism
1340 304 1401 369 111,

287 465 456 530 'resistenti
471 462 627 529 violmtia
643 464 804 538 redditur,
820 463 872 527 ita
888 463 973 528 victo
989 464 1041 528 vel
1056 473 1151 548 capto
1165 463 1401 529 misericordia

286 563 362 647 jam
384 563 525 637 debetur,
542 562 683 628 manime
703 563 741 626 in
757 583 820 645 qno
830 562 930 646 pacis
945 563 1155 647 perturbatio
1171 584 1236 626 non
1253 563 1400 633 timetur.

129 673 262 723 csrttss·
295 659 472 746 Xenophon
494 658 534 724 de
556 658 719 746 Agesilao:
746 653 954 752 προηγόρευε
970 661 1042 732 τοῖς
1067 652 1295 751 στρατιώταις
1318 658 1399 731 rosis

293 754 522 839 ἁλισκομένους
537 754 581 838 μή
604 753 645 830 ὠς
661 750 788 827 ἀδίκους
807 759 1033 849 τιμωρεῖσθαι,
1055 755 1133 827 ἀλλ’
1149 754 1188 831 nis
1206 753 1399 850 ἀνθρώπους

294 851 391 929 ὄντας
418 850 616 950 φυλάσσειν·
639 858 764 921 monuit
788 858 918 932 milites,
944 869 981 921 stt
1006 869 1119 942 captos
1143 879 1207 923 ttott
1234 871 1398 943 tanquam

293 969 398 1023 sontes
416 958 584 1040 punirent,
612 956 669 1020 sal
694 967 853 1037 tanquam
876 957 1019 1022 homines
1040 959 1252 1022 custodirent.
1297 956 1398 1043 Apud

129 1078 265 1120 ιιαιυκιι.
294 1053 470 1119 Diodorum
494 1052 630 1119 Siculum
650 1061 717 1118 est:
743 1049 861 1125 πάντες
885 1049 1110 1123 α’νατείνονται
1131 1050 1191 1135 μίν
1206 1050 1291 1145 rrpbs
1315 1051 1399 1128 roris

293 1147 608 1228 ἀντιταττομένους,
640 1153 761 1220 είκονσι
801 1143 836 1219 dri
874 1153 947 1222 τοῖς
981 1148 1251 1223 ὑποπεπωκόσι·
1288 1176 1399 1220 omnes

295 1250 431 1336 (Graeci)
458 1262 621 1336 opponunt
640 1272 675 1316 se
694 1253 959 1336 repupnantibns,
977 1264 1126 1336 parcant
1140 1253 1216 1336 jam
1239 1254 1396 1318 subactis.

128 1375 274 1417 tinentia
294 1350 413 1416 Eodem
429 1348 535 1436 judice
556 1349 752 1424 Macedones
775 1349 829 1436 qui
853 1349 911 1414 sub
936 1349 1128 1427 Alexandra,
1154 1346 1356 1443 πικρότερον
1374 1345 1395 1431 ἦ

293 1443 561 1537 πολεμικώτερον
586 1443 842 1540 προσεφέροντο
864 1461 935 1521 τοῖς
959 1447 1130 1531 Θηβαίοις,
1155 1451 1305 1516 acerbius
1328 1472 1397 1536 eqe-

293 1560 373 1613 rant
388 1570 462 1615 oum
483 1549 647 1612 Thebanis
662 1569 763 1632 queam
778 1549 854 1613 belli
860 1550 923 1632 scs
929 1549 1073 1632 ferebat.

128 1679 216 1729 αμςιι
369 1649 391 1713 2
424 1644 589 1712 Sallustius
609 1644 741 1710 historia
755 1645 958 1732 Jugurthina,
980 1667 1050 1712 cum
1068 1646 1202 1733 puberes
1218 1654 1290 1734 post
1309 1644 1397 1713 dedi·

291 1743 410 1811 tionem
426 1743 605 1810 interiectos
621 1751 787 1820 narrasset,
804 1744 919 1809 iactum
936 1744 983 1811 ait
1002 1753 1111 1811 oontm
1122 1745 1175 1833 jus
1191 1745 1286 1813 belli:
1309 1745 1397 1832 quod

292 1843 511 1930 interpretare,
528 1850 638 1908 eontra
653 1842 735 1928 sequi
750 1851 896 1908 naturam
912 1851 946 1908 et
960 1864 1078 1909 morem
1095 1843 1199 1911 mitius
1216 1843 1396 1911 viventium.

130 1976 176 2016 m,
186 1978 230 2016 ..ς
291 1941 388 2029 Apud
405 1940 601 2008 Iacmnuum
613 1949 680 2007 est:
693 1942 851 2027 parcitur
865 1943 970 2019 victis,
983 1955 1015 2008 et
1032 1954 1079 2008 est
1092 1944 1180 2010 bons
1193 1945 1281 2010 inter
1297 1965 1397 2009 amsa

129 2062 259 2103 ussisse
293 2043 476 2107 clemmtioe.
528 2038 652 2104 Laudat
685 2039 811 2105 Tacitus
840 2039 979 2105 Primum
1013 2041 1182 2106 Antonium
1211 2050 1245 2106 et
1274 2042 1396 2106 Varum

293 2138 460 2204 Flavianos
488 2136 591 2212 duces,
619 2136 703 2222 quod
728 2137 761 2202 in
787 2137 940 2203 neminem
973 2138 1058 2204 ultra
1083 2138 1181 2205 aciem
1209 2138 1396 2206 saeriissent.

129 2265 280 2310 ιιιριιιιοιαι
293 2236 466 2303 Aristides:
492 2227 614 2326 ἀνδρῶν
632 2231 705 2325 γάρ
729 2231 805 2305 ε’στι
826 2233 896 2304 καθ’
917 2232 996 2313 ὑμᾶς
1018 2232 1081 2317 τὴν
1101 2233 1213 2332 φύσιν,
1234 2236 1312 2310 rosis
1336 2233 1397 2316 nir

128 2309 244 2395 inlidisn
292 2329 543 2413 ἀνθεστηκότας
564 2334 752 2424 κατείργειν
774 2336 845 2408 τοῖς·
868 2331 996 2409 ὅπλοις·
1017 2335 1095 2409 τούς
1116 2329 1142 2404 b
1161 2332 1395 2408 ὑποπεσόντας

293 2428 394 2515 vinies
406 2428 705 2526 μεταχειρίζεσθαι·
721 2435 884 2499 bominum
895 2447 940 2500 est
952 2437 1057 2500 nostri
1065 2438 1201 2522 inpendi,
1212 2438 1396 2503 resistentes

291 2534 396 2603 armis
412 2543 561 2606 coercere,
576 2543 760 2615 prostratos
778 2545 923 2599 tractare
940 2535 1062 2601 leniter.

127 2651 272 2700 ιιιιμιια
368 2633 419 2697 De
434 2628 565 2717 captivis
583 2631 739 2716 propheta
758 2631 888 2696 Elisscus
904 2653 1012 2719 regem
1035 2629 1186 2697 Samaria
1204 2631 1248 2697 sic
1264 2631 1395 2719 alloqui-

292 2737 365 2797 tur:
391 2752 437 2795 an
452 2752 531 2816 quos
551 2731 698 2815 captivos
717 2731 899 2806 obduceres,
915 2731 1030 2816 plodio
1048 2742 1102 2797 tuo
1121 2743 1152 2797 et
1168 2753 1252 2796 arca
1270 2743 1326 2797 ιιιο
1342 2754 1395 2799 eos

125 2857 197 2896 κιαι
290 2828 518 2897 interimeres?
542 2829 626 2915 apud
640 2827 820 2916 Euripidem
838 2828 870 2893 in
887 2829 1063 2895 Heraclidis
1079 2829 1231 2916 quarenti
1246 2829 1366 2909 nuntio,

464 2948 583 3003 Hostem
597 2948 737 3018 perimere
752 2953 845 3003 restra
858 2947 904 3003 lex
919 2964 986 3019 ergo
1001 2949 1096 3004 rotat?

333 3103 472 3165 *vepna
481 3101 594 3164 parcere]
616 3102 767 3162 Capitolinus
780 3103 817 3151 M.
864 3103 931 3150 orda
950 3103 1050 3166 deditio]
1080 3106 1184 3152 Romani
1203 3106 1291 3163 Persis,
1308 3107 1393 3168 quiin

289 3179 430 3227 Antonino:
446 3179 576 3237 equitatem
590 3176 661 3221 etiarn
677 3176 744 3222 circa
758 3191 817 3236 cap·
864 3190 919 3222 arce
940 3175 1019 3222 Petrae
1045 3183 1122 3233 erant,
1148 3178 1213 3236 apud
1239 3177 1394 3238 Pmoopinm,

289 3253 412 3301 testones
421 3250 553 3298 ctoeiodirit.
568 3250 640 3310 (Cep.
650 3250 698 3308 24.)
867 3248 948 3296 Gollb.
960 3263 995 3295 lv.
1006 3250 1039 3297 sir
1053 3251 1123 3311 ripaeis
1138 3252 1199 3312 ιἰμιῑτ
1212 3267 1245 3312 γε
1260 3253 1301 3298 καί
1317 3253 1393 3313 ζυγο-

333 3334 345 3361 2
363 3326 440 3373 Vitam
449 3327 541 3372 salvam
546 3324 722 3386 paciscentium,
732 3323 781 3369 rice
790 3324 816 3368 in
863 3324 1008 3384 μαχοῦνται
1023 3326 1188 3386 οίκτιίρομεν,
1207 3326 1248 3372 καί
1264 3325 1392 3373 donariis·

286 3402 380 3462 prelio,
398 3402 448 3448 site
466 3402 492 3448 in
511 3399 638 3456 obsidione,
654 3412 700 3445 nott
719 3397 815 3457 repudi·
862 3415 916 3444 ταν
941 3399 1087 3458 φειδόμεθα,
1110 3399 1152 3447 καί
1175 3399 1241 3461 πρὸς
1263 3399 1312 3447 τὸν
1334 3399 1394 3458 βίον

344 3657 361 3705 2
382 3650 475 3705 Whon
498 3651 603 3706 Sallust
622 3668 692 3723 says,
710 3648 772 3704 that
790 3648 827 3702 ull
846 3646 895 3702 tho
913 3662 978 3701 mon
994 3663 1067 3702 wore
1086 3645 1157 3700 slain
1172 3644 1246 3700 atter
1262 3642 1313 3700 the
1327 3660 1392 3699 sm·-

288 3735 400 3798 render,
414 3734 451 3789 ho
463 3734 542 3798 adds,
553 3745 682 3806 contrary
697 3744 723 3789 ιο
736 3736 776 3788 tls
786 3735 869 3787 Laws
883 3735 920 3802 os
932 3733 1020 3786 War:
1036 3731 1099 3786 that
1113 3732 1144 3796 is,
1152 3737 1284 3801 contrary
1297 3736 1328 3784 to
1340 3728 1391 3785 the

288 3835 407 3873 manner
421 3819 455 3872 of
468 3819 591 3874 humano
606 3821 727 3874 natione.
763 3819 802 3873 So
816 3818 991 3873 Lactantius.
1027 3818 1066 3872 So
1078 3816 1193 3871 Tacitus
1208 3815 1241 3872 of
1249 3817 1391 3871 Antonius

288 3903 345 3957 und
360 3903 461 3957 Varus.
498 3904 536 3956 So
551 3903 696 3959 Aristides.

339 3987 437 4044 Elishu
452 3987 502 4043 the
521 3987 643 4061 prophet
662 4005 725 4060 says
740 3995 770 4045 ιο
791 3987 840 4043 tho
856 3988 925 4059 king
942 3988 976 4043 of
991 3987 1127 4051 Samaria,
1150 3985 1320 4058 2Kingsr1.
1335 3991 1388 4039 22:

291 4075 428 4136 chldcst
455 4075 518 4130 tbon
538 4076 614 4130 emite
634 4076 703 4130 tlosc
723 4077 810 4129 whom
836 4076 900 4129 tlon
927 4075 986 4128 trost
1014 4073 1094 4129 taken
1121 4072 1223 4144 captiuo
1249 4071 1315 4125 witi
1343 4071 1391 4142 ιαμ

287 4163 378 4221 noord
398 4163 457 4216 and
472 4162 537 4217 witi
551 4162 597 4234 tly
615 4161 695 4217 ὸοιυι
728 4161 768 4216 So
785 4160 815 4213 in
829 4159 987 4230 Euripides.
1023 4159 1062 4213 So
1079 4157 1129 4212 tho
1145 4158 1314 4229 Byzantina
1331 4156 1388 4210 and

288 4248 512 4303 Chalcodonians
526 4264 576 4302 uro
587 4248 647 4302 said
662 4254 692 4302 to
707 4247 779 4302 haro
793 4246 868 4301 done
882 4251 942 4299 acts
954 4244 987 4299 of
1000 4243 1212 4315 extraordinary
1226 4241 1345 4313 cruslty,
1358 4241 1390 4301 in

286 4332 387 4404 killing
401 4334 534 4404 captives.
560 4333 626 4387 And
638 4339 668 4387 to
682 4348 765 4403 sparo
776 4332 908 4402 captivos,
920 4330 943 4384 is
955 4345 972 4383 a
984 4345 1114 4385 common
1126 4329 1188 4384 law.
1217 4328 1256 4382 So
1272 4327 1390 4393 Seneca,

286 4417 403 4488 already
415 4416 529 4487 quoted.
557 4416 622 4472 And
635 4417 715 4472 when
730 4432 748 4472 a
761 4415 885 4487 general,
902 4413 1094 4471 embarrassod
1106 4413 1144 4487 by
1160 4413 1211 4471 the
1222 4411 1343 4469 number
1358 4412 1394 4467 of
