2986 5048
121 290 191 345 Car.
205 287 258 356 Χ.]
324 289 476 344 ΜΟΝΙΤΑ
497 290 549 343 ΒΕ
572 290 645 355 HIS,
668 290 759 354 QUAE
781 291 910 355 FIUNT,
932 291 1014 346 ETO.
1160 284 1221 348 189

122 466 190 520 tam
204 455 334 539 pedore
358 474 476 529 coram,
501 454 560 538 qai
580 454 795 538 roqabaotar,
819 456 1093 520 continebantur.'
1128 455 1222 542 Apud

121 563 243 639 patrem
261 550 505 629 Quintilianum:
531 574 595 616 aon
612 553 712 617 aliter
727 555 818 619 calvo
837 555 961 638 pedore
977 556 1024 618 od
1039 575 1222 639 apertiorem
1234 572 1323 612 ιιι...
1333 573 1373 616 ιιι

121 654 208 717 omit
224 652 374 728 creditor,
388 673 488 736 qaam
503 651 535 716 ei
551 653 692 736 recipere
709 674 732 716 a
748 653 889 717 debitore
905 675 969 717 non
978 656 1092 737 poscit.
1118 655 1222 739 Atque

121 772 160 815 eo
176 771 267 816 eeneu
282 771 366 837 eaepe
383 748 491 815 rideas
502 748 655 835 justitiam
672 771 741 814 cum
758 750 878 836 pudore
895 751 1050 840 conjungi.

250 867 385 923 Nondum
396 869 536 938 justitiam
549 867 658 923 facium
672 869 791 924 mortale
805 868 934 940 fugarat:
1232 884 1359 978 Quarta
1368 886 1383 925 ι.

293 954 404 1009 Ultima
417 955 454 1009 de
468 955 576 1025 euperie
590 954 639 1008 illa
652 954 767 1026 reliquit
779 954 907 1020 humum,
1306 942 1359 981 ‘m'

250 1041 362 1113 Proque
376 1047 455 1095 metu
469 1040 606 1112 populum
620 1040 680 1095 eine
695 1042 723 1095 ri
737 1041 829 1113 pudor
842 1041 902 1113 ipse
916 1043 1041 1114 regebat.

122 1136 298 1207 Hesiodum
1233 1161 1324 1245 &fra
1318 1160 1376 1209 ιιι

380 1259 443 1328 Δίκη
461 1258 484 1313 δ’
503 1259 530 1313 ἐν
546 1259 626 1331 χερσὶ
643 1260 685 1314 καὶ
701 1259 780 1317 aiflois·
801 1292 803 1296 Α

253 1344 307 1399 Οὐκ
323 1345 405 1410 forae,
421 1344 525 1417 βλάψει
543 1344 565 1399 δ’
584 1348 599 1399 ό
616 1347 691 1401 κακὸς
708 1348 753 1400 τὸν
769 1345 871 1417 ἀρείονα
888 1348 974 1416 φῶτα,

381 1449 526 1520 Nunquam
542 1450 649 1521 pudor:
677 1467 762 1505 aurea
776 1467 913 1521 nusquam

252 1532 382 1589 Juetitia.
405 1535 542 1590 insultant
556 1536 636 1606 pravi
651 1536 812 1591 melioribus
828 1537 912 1590 ultro.

121 1636 213 1704 Plato
229 1638 308 1706 libro
326 1663 385 1710 xii.
403 1643 443 1706 de
459 1643 624 1725 Leqibue:
649 1636 811 1734 παρθένος
840 1637 912 1734 Ὑοίρ
936 1634 1038 1718 ciricis
1066 1634 1134 1740 δίκῃ
1159 1638 1215 1712 λε’-
1231 1666 1351 1752 Pgatffl·

122 1739 227 1825 ’γετοί
251 1767 292 1806 τε
317 1740 367 1807 καί
392 1770 495 1813 οντως
519 1744 651 1832 εἴρηται
677 1742 839 1807 emendem
856 1733 1030 1834 πάρεδρος
1056 1752 1091 1809 ιιι
1110 1765 1218 1809 sensus

121 1837 179 1902 eit
204 1860 305 1905 comeo
316 1842 458 1925 pudoris
466 1842 605 1924 justitia
621 1853 767 1916 vocatur,
784 1854 814 1907 et
831 1844 946 1907 merito
963 1844 1102 1927 quidem.
1135 1844 1218 1907 Nam

122 1944 155 2001 el
170 1935 244 2001 alibi
260 1937 342 2003 idem
364 1938 501 2004 Plato
477 1960 521 2004 eie
537 1939 694 2026 loquitur:
720 1935 800 2013 Θεος
828 1933 935 2010 deicae
955 1946 1031 2033 περί
1053 1943 1102 2030 τῷ
1125 1937 1273 2054 Ὑίνειν..
1250 1973 1295 2009 ...ι
1273 1980 1314 2054 cco.
1323 1981 1344 2020 n

121 2030 374 2129 ἀνθρώπων,
332 2068 375 2119 μη
398 2032 567 2106 α’πόλοιτο
594 2041 672 2116 πᾶν,
699 2031 844 2131 δωρᾶται
868 2034 1049 2165 ‹irilJmirrme
1073 2032 1150 2108 aiiii
1176 2063 1315 2109 rerem-1·

122 2139 176 2202 καί
202 2128 294 2216 δίκην,
328 2134 365 2204 ίν’
401 2140 466 2205 εἷεν
498 2135 629 2207 πόλεων
663 2135 780 2216 κόσμοι
815 2168 856 2206 τι
882 2139 936 2207 καί
967 2132 1080 2218 δεσμοί
1103 2144 1217 2232 φιλίας

121 2236 331 2325 συνογωγοί·
352 2240 445 2302 Deae
464 2249 613 2313 meroem,
636 2261 675 2303 ac
692 2240 794 2324 plane
813 2241 962 2305 interiret
981 2262 1082 2325 oenoe
1104 2242 1218 2306 liuma-

120 2356 208 2410 aam,
237 2337 328 2401 dedit
360 2338 542 2402 honuinibaa
563 2336 733 2421 jaetitiam
763 2361 803 2405 oc
826 2341 995 2423 pudorem,
1027 2352 1219 2406 ornamenta

120 2435 302 2511 civitatum,
326 2447 356 2500 ct
381 2438 427 2500 ad
449 2438 635 2501 amicitiam
656 2439 879 2521 colliyaadam
899 2440 1114 2505 macularet
1141 2439 1215 2505 Plu·
1227 2458 1371 2499 ariarate

121 2533 248 2599 tarchus
264 2533 354 2598 simili
375 2534 466 2599 modo
487 2528 574 2614 δίκην
590 2530 712 2601 vocal*
696 2565 816 2604 erorrov
836 2528 950 2613 αἰδοῦς,
963 2541 1135 2619 justitiam
1150 2561 1214 2625 pa·
1227 2506 1321 2635 limg-
1242 2505 1323 2594 wil

120 2634 211 2698 dorio
232 2635 508 2710 cohabitatricem,
526 2633 579 2722 qui
595 2643 629 2699 et
645 2634 720 2700 alibi
737 2635 843 2722 jungit
860 2629 937 2702 αἰδῶ
955 2648 988 2701 et
1007 2630 1214 2716 δικαιοσύνην.
1231 2667 1340 2705 recma.

120 2731 212 2818 Apud
237 2732 424 2819 Dionysium
450 2734 754 2799 Halicarnasseneem
779 2733 870 2798 simul
894 2735 1091 2800 nominantur
1114 2729 1216 2811 αίδώι,
1227 2715 1283 2761 Μ
1270 2714 1379 2753 mm

121 2826 241 2947 κόσμοι
257 2836 310 2899 καί
328 2824 405 2914 δίκη,
420 2835 542 2918 pudor,
560 2835 720 2909 decoram,
738 2845 768 2899 et
791 2834 962 2898 honorum
1011 2832 1063 2898 Sic
1085 2842 1117 2899 et
1140 2828 1352 2902 etiannum

120 2941 154 2994 et
170 2925 341 3001 ἐπιείκειαν
356 2932 479 3019 copulat
495 2932 652 3018 Josephue
664 2935 822 3017 podorem
840 2944 870 2997 et
887 2934 1086 3018 aequitatum.
1134 2934 1217 2998 Pau·
1229 2954 1299 3044 liu?
1283 2959 1328 2996 ιιι.
1308 3004 1366 3043 m

119 3028 168 3093 lus
184 3052 307 3116 quoque
325 3030 564 3117 jurisconsultus
588 3030 750 3119 conjungit
769 3030 944 3097 naturale
930 3054 983 3118 Jua
1006 3040 1038 3098 et
1055 3031 1266 3135 pudoremm
1230 3052 1255 3096 ‹e-
1237 3014 1326 3089 cini
1281 3050 1360 3139 ul*

121 3127 230 3195 Cicero
252 3139 357 3197 autem
382 3129 466 3197 inter
485 3129 640 3219 justitiam
665 3140 698 3198 et
714 3131 932 3199 verecundiam
957 3131 1003 3199 ita
1027 3132 1104 3198 fines
1121 3132 1215 3223 regit,
1228 3095 1360 3228 gigig,

539 3323 690 3329 ...-.-
879 3324 901 3331 ,-
1229 3239 1347 3331 'tilica

120 3423 244 3493 opinion,
263 3441 294 3480 aa
312 3442 329 3479 a
345 3426 446 3496 regard
461 3432 491 3481 to
502 3427 578 3481 what
591 3428 615 3482 ie
630 3427 773 3497 equitahle
787 3428 844 3482 and
857 3426 940 3497 good,
953 3441 987 3479 or
1000 3431 1031 3480 at
1041 3425 1120 3487 leant,
1136 3443 1216 3481 more

120 3510 261 3579 equitable
276 3511 332 3564 and
344 3511 446 3566 better.
480 3512 519 3565 So
529 3513 646 3566 Seneca.
688 3512 727 3564 So
741 3513 771 3563 in
785 3510 949 3565 JuetInian'e
962 3509 1216 3572 Imtitater‚'1'ruete

119 3590 201 3666 (fidei
207 3593 359 3662 commissa)
370 3612 420 3649 cre
427 3595 488 3648 naid
497 3601 527 3649 ιο
542 3595 613 3648 hare
627 3594 674 3646 sor
687 3592 763 3648 their
773 3592 849 3648 hond
861 3592 910 3648 the
920 3593 1014 3664 pudor
1028 3591 1061 3646 of
1068 3591 1117 3646 the
1132 3594 1217 3648 True-

118 3685 188 3732 tece.
227 3680 265 3732 So
279 3679 436 3740 Quintilian
451 3694 514 3746 eaJe
534 3677 584 3732 the
602 3677 725 3731 creditor
743 3685 846 3733 cannot
861 3694 898 3749 go
913 3684 943 3732 ιο
959 3675 1007 3732 the
1024 3681 1128 3747 eurety,
1142 3679 1216 3732 caluo

115 3764 229 3835 pudore,
245 3767 345 3832 except
359 3762 408 3816 the
419 3762 521 3817 debeor
534 3761 598 3817 faile
609 3762 678 3817 him.
712 3762 777 3817 And
791 3764 820 3818 in
832 3763 889 3818 thie
903 3779 984 3818 aeneo
990 3763 1083 3835 medor
1098 3763 1122 3818 ie
1136 3763 1216 3819 often

119 3846 268 3915 conjoined
294 3846 361 3901 rrith
380 3848 491 3917 juetiee,
515 3864 546 3902 ae
568 3849 598 3902 in
623 3848 703 3903 Orid.
750 3850 789 3904 So
812 3850 918 3905 Heeiod
937 3850 1061 3921 conjoine
1079 3847 1136 3917 δίκη
1159 3851 1216 3905 and

119 3929 205 3986 attia
236 3930 301 3986 inu
313 3933 395 3988 Plato
410 3950 473 4004 aaye
486 3933 550 3988 that
569 3932 646 3989 οίδῶι
657 3934 680 3989 ie
695 3934 744 3990 the
755 3953 876 3992 aeaeeeor
890 3936 924 3992 of
935 3935 1000 4003 δίκη.
1046 3935 1152 3990 Audin
1166 3937 1217 3992 the

117 4019 297 4089 Protagorae,
317 4019 353 4073 ho
373 4036 435 4091 eaye
450 4020 512 4074 that
528 4019 578 4075 the
595 4028 659 4082 two,
678 4020 735 4089 δίκη
750 4023 806 4075 and
826 4020 911 4085 athir,
922 4038 940 4075 a
953 4021 1059 4090 feeling
1073 4020 1107 4075 of
1113 4022 1217 4090 justice

118 4104 173 4157 and
186 4104 220 4158 ni
232 4105 339 4159 mutual
355 4121 513 4170 rerereuce,
527 4123 599 4161 rrerc
613 4107 695 4177 giren
709 4112 740 4162 to
754 4124 819 4160 man
831 4112 861 4161 to
876 4107 943 4161 hold
958 4107 1064 4175 soclety
1077 4105 1215 4174 together.

120 4189 158 4244 So
172 4190 306 4245 Plutarch
322 4191 390 4255 also,
402 4191 458 4245 and
472 4191 623 4264 Dionysius
638 4191 671 4245 oi
683 4192 901 4246 Halicarnassus.
941 4191 980 4245 So
993 4188 1142 4259 Joeephue,
1159 4190 1217 4244 aud

117 4275 223 4330 Paulae
238 4275 288 4331 the
299 4278 399 4332 Juriet.
437 4277 535 4332 Cicero
547 4293 679 4348 arrangea
693 4276 742 4331 the
754 4277 847 4331 officea
862 4275 895 4329 of
902 4276 1013 4346 Jueticc,
1024 4273 1080 4327 aad
1094 4291 1216 4328 ιινιιιιιι.

118 4362 174 4424 dia,
188 4378 219 4417 eo
233 4362 297 4417 that
310 4362 361 4419 the
375 4362 621 4435 formorprerente
641 4379 675 4418 ua
688 4363 832 4437 wrouging
846 4377 920 4428 men,
938 4359 988 4415 the
1003 4359 1097 4425 latter,
1110 4360 1217 4417 offend-

118 4446 167 4519 lng
180 4447 268 4504 them.
