2986 5048
120 221 239 291 Gaul]
284 223 455 278 REGI'LAE
479 222 706 278 canusinus
729 225 782 277 EX
805 225 903 279 John
926 225 1108 283 NATITRAE.
1184 220 1226 285 37

119 388 202 483 apic
220 385 296 462 roris
316 386 480 469 ὑπηκόους·
507 413 571 454 non
588 392 699 455 <ledere
716 414 819 476 repent
843 395 935 476 apud
955 395 1065 458 suddit
1053 407 1101 460 toa
1126 397 1225 459 aliud

119 515 221 578 quam
244 513 354 556 omum
378 491 490 573 eloqui
541 490 747 554 Mamertinus
772 490 812 554 de
832 491 978 556 iuliano:
1006 495 1096 558 miro
1116 507 1163 560 est
1188 497 1224 559 in
1237 510 1289 592 Pap,
1284 509 1368 555 ,em

114 593 270 677 principe
298 602 404 654 nostro
433 591 548 655 meritis
575 592 754 673 linguaeque
783 593 967 655 concordia.
1019 595 1097 657 Non
1130 596 1223 659 modo
1265 556 1294 592 ω’

120 692 255 756 lriemilia
271 701 302 754 et
312 691 416 776 parui
436 691 552 764 animi,
576 691 632 753 aed
650 701 681 754 et
698 690 812 753 sermio
837 692 955 754 uitium
976 692 1038 757 scit
1055 715 1119 758 esse
1139 716 1222 757 men-

119 791 273 855 ducium.-
290 801 320 854 et
335 810 406 854 uere
422 812 494 853 cum
509 791 675 854 mendaces
688 790 830 854 homines
847 801 907 853 cut
921 793 1036 876 inopia
1049 805 1108 857 cut
1126 795 1223 858 timor

108 892 236 976 faciat,
257 890 517 972 naopnitudincm
529 889 678 972 fortunoe
701 911 768 953 suoe
786 890 965 976 imperator
982 892 1043 975 qui
1068 894 1222 957 mentitur

117 993 258 1073 iqrcorct.
313 987 477 1053 Laudatur
505 987 673 1051 Plutarcho
704 986 849 1052 Aristidis
853 983 994 1154 φύσιςδ
1009 980 1203 1081 ἱδρυμένη
1187 1021 1221 1058 εν
1235 1014 1283 1063 Ρη
1291 1016 1357 1055 ιιι».

119 1084 189 1169 ἤθει
209 1083 345 1176 βεβαίῳ
367 1085 418 1154 nal
443 1114 523 1179 προς
549 1116 589 1152 το
580 1077 780 1153 dirasou’
760 1115 887 1167 crenus,
906 1080 994 1178 sicud
995 1117 1027 1160 cc
1053 1082 1202 1158 ioli*
1186 1122 1222 1159 εν

118 1180 244 1259 παιδιᾶς
263 1215 327 1254 πινι
344 1182 462 1279 τρόπῳ
479 1180 684 1277 προσιεμένη·
710 1187 874 1270 inpenium
891 1210 1017 1253 morum
1033 1194 1222 1256 cmmtantia

111 1290 301 1372 praeditum,
331 1299 361 1352 et
376 1289 464 1370 justi
490 1298 594 1361 terrun,
622 1286 786 1349 mendacii
809 1289 908 1350 etiam
932 1290 970 1352 in
986 1287 1062 1371 joco
1073 1291 1220 1375 sopiens.

119 1387 169 1450 De
187 1385 404 1473 Epaminonda
421 1384 562 1450 Probus:
589 1387 669 1449 adeo
692 1386 843 1450 veritatis
862 1389 1012 1472 dilipenc,
1036 1396 1074 1453 ut
1095 1411 1134 1455 ne
1146 1391 1356 1490 jocaremur-a

118 1487 249 1572 quidem
264 1488 464 1551 mentiretur.

192 1586 213 1649 2
248 1585 340 1661 Quod
356 1583 495 1670 prolecto
521 1581 704 1648 Christianis
730 1605 767 1648 eo
789 1584 888 1671 magis
912 1585 1138 1650 observandum
1162 1595 1219 1662 est,

118 1682 211 1770 ⁹quia
227 1683 302 1770 ipsis
325 1705 387 1747 non
404 1681 582 1769 simplicitas
604 1689 725 1747 tantum
743 1683 896 1768 imperata
918 1691 966 1748 est
982 1685 1099 1749 Matth.
1117 1708 1146 1749 x.
1166 1689 1219 1762 16,

119 1783 175 1848 aad
189 1792 222 1847 ιι
234 1781 463 1868 vaniloquentia
475 1781 642 1847 interdicta
655 1780 768 1846 Matth.
780 1781 832 1845 xii.
845 1782 899 1858 36,
918 1781 1031 1847 atisin
1044 1785 1220 1871 exemplum

119 1880 306 1969 propositus,
326 1880 358 1944 in
378 1879 464 1965 cujus
481 1902 535 1945 ora
557 1880 646 1945 dolas
668 1880 813 1946 inventus
829 1902 891 1945 non
915 1888 972 1949 est
1020 1884 1218 1950 Lactantius:
1211 1907 1294 1945 meu
1303 1907 1324 1945 ιι,
1333 1907 1364 1945 ιι

118 1984 237 2067 Itaque
266 1983 375 2046 uictor
403 1982 460 2046 ille
487 2002 582 2047 οιιιιι
612 2002 653 2045 ac
678 1981 789 2064 justus
821 2003 885 2046 non
913 1983 1000 2046 dicet
1030 1984 1116 2048 illud
1150 1986 1219 2050 Lu-
1232 2007 1360 2091 1ιιιιοιιι
1372 2034 1377 2044 .

118 2082 301 2146 cilicinum:

266 2184 384 2239 Homini
399 2184 489 2238 amico
504 2200 538 2239 ιι
551 2184 683 2239 familiari
698 2201 756 2240 non
771 2188 813 2239 est
828 2186 940 2240 mentiri
956 2203 1057 2241 meum.

104 2285 186 2350 -Sed
202 2287 301 2349 etiam
321 2285 456 2347 inimico
473 2295 569 2368 atque
586 2285 694 2369 ipnoto
711 2285 911 2350 existimabit
927 2308 990 2351 non
1007 2308 1072 2352 esse
1087 2289 1221 2353 mentiri

117 2405 234 2449 ιιιιιιηι
259 2405 316 2448 nec
332 2383 517 2465 aliquando
534 2386 717 2460 committet,
740 2396 777 2449 ιιι
796 2385 910 2469 linpua
933 2388 1092 2471 interpres
1115 2390 1223 2452 animi

119 2504 142 2546 a
168 2504 265 2548 sensu
291 2495 321 2548 ct
348 2483 543 2566 copitatione
572 2484 743 2548 discordet.
795 2484 880 2548 Talis
909 2492 957 2549 cst
985 2484 1018 2548 in
1047 2487 1222 2552 Philoctete

120 2581 280 2668 Sophoclis
296 2581 519 2666 Neoptolemus
536 2576 762 2673 ὑπερβάλλων
785 2579 958 2661 ἁπλότητι
981 2581 1033 2651 rui
1057 2579 1219 2673 εὐγενείᾳ,

117 2754 156 2786 eos
172 2740 303 2788 illiberales
318 2741 456 2801 servilisque
470 2742 545 2786 animi
559 2755 644 2788 uocare
738 2740 749 2767 ⁹
764 2741 831 2785 Nihil
850 2740 902 2785 heic
922 2741 999 2799 poscit
1023 2741 1119 2800 Religio
1140 2743 1223 2787 Chris.

117 2816 197 2863 colent.
219 2815 310 2876 [Locus
325 2817 447 2863 Plutarchi
461 2822 541 2862 exstat
555 2817 579 2861 in
591 2817 643 2862 Lib.
695 2815 761 2860 tiana
773 2814 838 2858 ultra
852 2814 884 2870 id,
900 2813 964 2872 quod
979 2813 1045 2873 Lege
1059 2815 1157 2860 Natura
1167 2829 1223 2861 san·

118 2892 158 2937 De
171 2891 249 2938 Educ.
263 2892 343 2937 Liber.
360 2894 457 2951 pag.11
471 2904 494 2938 c.
510 2891 578 2937 Edit.
594 2891 643 2936 ii'e-
696 2889 765 2934 citur.
795 2888 906 2934 Diximus
920 2889 991 2948 plura
1007 2889 1032 2934 in
1048 2888 1119 2935 Notis
1135 2890 1223 2936 nostris

118 2966 296 3015 clel.Tom.rr.
327 2963 408 3025 J.B.]
697 2963 803 3011 Gallicis.
832 2964 861 3012 J.
870 2962 902 3012 B.

118 3184 247 3241 lestiness
265 3185 299 3241 ol
313 3185 399 3252 mind,
413 3186 469 3242 and
488 3188 648 3242 sometimes
669 3186 743 3241 from
762 3204 780 3241 a
796 3186 959 3242 confidence
976 3188 1006 3241 in
1024 3185 1073 3242 the
1091 3184 1220 3257 strength

118 3270 153 3326 of
177 3271 227 3327 the
248 3273 375 3344 speaker.
420 3274 455 3327 In
476 3273 559 3327 Elian
582 3290 622 3327 wa
646 3272 717 3328 hare
746 3290 764 3327 a
792 3275 889 3344 saying
907 3273 940 3327 of
956 3272 1139 3343 Pythagoras,
1157 3272 1220 3325 ιλιι

118 3374 184 3412 ιλιι
207 3360 350 3431 approach
377 3365 408 3413 ιι
433 3358 482 3413 tho
508 3359 577 3430 gods
599 3359 766 3432 principally
789 3358 827 3429 by
850 3364 905 3411 two
926 3357 1038 3427 things3
1059 3357 1097 3428 by
1119 3356 1221 3426 always

118 3445 253 3516 speaking
267 3445 317 3500 ιλι
331 3444 419 3507 truth,
433 3445 489 3499 and
504 3446 542 3517 by
557 3445 642 3515 doing
656 3445 730 3515 gaad
746 3454 774 3498 to
793 3442 904 3507 othars3
922 3443 978 3495 aad
998 3444 1027 3495 in
1045 3440 1220 3495 lamblichus

118 3532 242 3602 varacity
255 3532 280 3584 is
302 3530 393 3585 called
412 3529 462 3585 tha
479 3531 576 3585 leadar
597 3537 627 3585 ιο
647 3531 685 3584 ali
709 3530 803 3584 divine
823 3528 880 3582 and
898 3527 1004 3580 human
1023 3524 1097 3597 good
1114 3524 1218 3595 things.

120 3615 158 3670 So
172 3615 308 3671 Aristotla
321 3632 385 3687 says
399 3616 463 3670 ιλιι
476 3615 525 3671 the
540 3617 749 3687 mapnauimoaa
764 3632 831 3668 mon
849 3615 916 3667 lovea
933 3622 959 3666 ιο
975 3612 1056 3684 spealc
1075 3611 1150 3682 trnly
1164 3612 1222 3665 aad

110 3703 220 3775 sraelye
239 3701 385 3766 Plutarch,
403 3702 467 3757 that
485 3711 511 3756 ιο
527 3702 560 3757 lic
574 3704 597 3757 is
610 3703 717 3756 ιιιιιίιλ.
757 3702 795 3755 So
810 3699 912 3753 Arrian
930 3700 964 3753 of
974 3699 1105 3771 Ptolemy
1119 3698 1173 3751 aad
1190 3696 1224 3752 of

118 3786 294 3851 Alexander5
310 3788 496 3843 Mamertinus
511 3789 544 3842 of
555 3789 574 3842 J
576 3788 667 3852 ulian3
684 3803 715 3842 so
728 3786 863 3841 Plutarch
879 3786 912 3840 of
923 3785 1068 3850 Aristides,
1079 3784 1135 3839 and
1147 3786 1220 3839 Pro·

118 3871 173 3925 bus
183 3871 216 3925 ol
227 3872 444 3943 Epaminondas,
456 3873 519 3928 ιλιι
533 3873 600 3945 thoy
615 3873 707 3928 would
722 3880 772 3927 not
786 3874 823 3927 lia
838 3888 908 3928 aren
922 3872 951 3924 in
962 3873 1028 3941 jest.

176 3963 193 4009 2
223 3957 288 4010 And
307 3957 364 4012 this
387 3960 410 4013 is
432 3960 489 4014 still
507 3975 586 4014 mora
605 3967 635 4013 ιο
653 3958 689 4014 λι
707 3958 842 4014 obsarred
857 3958 896 4028 by
910 3957 1115 4019 Christianam
1130 3953 1221 4007 whom

119 4048 171 4096 not
193 4043 261 4113 only
278 4043 428 4116 simplicity
442 4046 466 4099 is
481 4043 675 4107 commanded,
692 4042 939 4105 Μιιι.ι.16,λιιι
956 4042 1015 4095 also
1037 4041 1101 4095 raia
1121 4037 1222 4108 speak-

117 4128 168 4199 ing
189 4128 368 4194 intardicted,
389 4131 472 4186 Μιιι.
488 4130 535 4184 xii.
553 4134 606 4192 363
629 4127 685 4181 and
706 4126 743 4180 he
765 4124 903 4198 proposed
921 4142 953 4178 as
974 4142 1012 4178 an
1033 4122 1168 4192 example,
1191 4122 1221 4174 in

117 4215 212 4270 whose
241 4215 343 4270 mouth
368 4232 424 4271 rras
450 4215 538 4271 found
560 4230 597 4268 no
619 4212 703 4284 guila.
751 4211 789 4264 So
817 4209 982 4264 Lactantius
1003 4224 1066 4280 says
1094 4205 1157 4261 ιλιι
1180 4222 1222 4262 wa

117 4306 194 4354 must
214 4307 267 4356 not
287 4302 324 4356 ba
346 4307 463 4357 content
479 4301 547 4355 with
566 4298 665 4369 talling
681 4294 761 4351 truth
778 4302 808 4351 ιο
833 4311 886 4349 our
906 4294 1022 4358 friends,
1039 4293 1092 4349 but
1109 4293 1168 4349 alsa
1191 4301 1222 4350 ιο

117 4392 260 4458 strangers
278 4387 336 4442 and
353 4388 485 4443 anemius.
526 4386 565 4441 So
585 4383 789 4456 Neoptolemus
811 4383 835 4438 is
853 4380 999 4437 described
1014 4381 1044 4435 in
1060 4380 1221 4454 Sophocles,
