2986 5048
729 547 872 617 CAPUT
898 547 939 615 X.

340 716 495 775 Moruni
514 717 567 772 DE
589 715 663 780 HIS,
688 716 779 782 QUAE
801 720 923 775 FIUNT
943 718 987 774 IN
1007 717 1132 775 BELLO
1154 716 1331 775 measse.

317 883 342 939 1.
376 884 435 951 Quo
449 900 525 938 seruo
535 884 628 954 prtdor
641 891 728 937 vetare
742 883 816 937 dieo·
878 884 930 939 IV.
952 885 1008 951 Qut
1023 885 1092 949 biae,
1108 893 1132 940 et
1150 893 1281 955 cacanus
1296 883 1336 937 cd
1349 901 1392 939 re-

375 979 429 1035 tur,
441 971 513 1040 qued
522 970 564 1023 lac
573 969 722 1040 percutit:
949 970 1111 1025 stitutionem
1122 970 1279 1040 obligantur.

310 1054 350 1109 11.
377 1054 510 1126 Aptatum
524 1054 571 1109 boc
589 1055 628 1108 ad
639 1054 815 1126 monteferro
885 1055 921 1110 V.
949 1054 997 1109 Aa
1022 1073 1064 1110 res
1091 1065 1178 1126 capta
1200 1055 1266 1110 bello
1291 1054 1391 1128 injusto

373 1140 634 1211 gentiumperme‘sao
644 1139 769 1194 dicimus.
948 1141 1390 1212 reddeadoeriotcbeo,qusieepit.

306 1223 362 1280 111.
374 1225 489 1279 Intema
521 1226 654 1298 injustitia
684 1226 814 1299 trojanam
879 1224 931 1280 VI.
947 1225 995 1281 Ao
1009 1228 1126 1292 audeo,
1138 1227 1186 1298 qui
1195 1227 1300 1282 detinet

375 1328 434 1375 ease,
444 1311 516 1382 qnod
526 1329 557 1366 aa
571 1312 635 1366 belle
646 1311 793 1383 injuutofit.

292 1463 319 1529 I.
363 1465 382 1529 1
417 1462 662 1621 LEGENDA
683 1461 759 1527 mibi
779 1471 866 1528 retro
888 1461 1031 1552 vestigia,
1049 1472 1081 1530 et
1098 1463 1259 1552 eripienda
1273 1463 1390 1532 bellum

495 1562 675 1651 gerentibus
690 1583 770 1649 pene
786 1561 898 1639 omnia,
911 1584 982 1648 quoe
997 1563 1129 1651 largitus
1142 1563 1241 1631 videri
1253 1586 1389 1651 possum,

127 1677 237 1718 tib-tm
291 1683 348 1727 neo
371 1668 477 1727 tamen
496 1661 630 1750 largitus
652 1683 739 1727 sum:
764 1682 846 1738 nam,
869 1683 937 1726 cum
960 1661 1093 1748 primum
1114 1662 1194 1727 hane
1209 1662 1289 1750 juris
1312 1685 1391 1751 gen-

290 1761 369 1828 tium
385 1771 507 1848 partem
523 1759 678 1847 explicare
698 1782 765 1825 sum
785 1781 962 1848 aggressus,
980 1769 1113 1826 testatus
1130 1784 1207 1838 sum,
1217 1762 1310 1846 jura
1324 1785 1390 1828 ease

291 1869 347 1926 aut
365 1862 459 1927 licere
475 1859 573 1925 multa
590 1858 660 1936 diei,
678 1880 715 1924 eo
732 1859 816 1944 quod
827 1859 952 1944 impune
965 1858 1052 1936 fiant,
1065 1860 1180 1946 partim
1192 1862 1287 1926 etiam
1304 1860 1390 1947 quod

286 1957 405 2045 judicia
433 1957 572 2025 coactiva
599 1979 687 2023 auam
716 1957 777 2023 illis
804 1958 1021 2024 auctoritatem
1049 1958 1289 2037 accommodent,
1317 1981 1390 2047 qum

291 2068 397 2124 tamen
418 2065 474 2123 aut
492 2055 670 2123 exorbitent
692 2077 712 2120 a
737 2056 815 2121 recti
837 2056 957 2144 regula,
977 2055 1042 2122 sive
1064 2055 1118 2123 illa
1136 2057 1169 2122 in
1185 2057 1259 2144 jure
1280 2059 1391 2124 stricte

291 2155 383 2231 dicto,
401 2155 466 2222 sire
482 2155 515 2220 in
531 2153 663 2219 aliarum
679 2153 831 2220 virtutum
851 2165 1007 2242 praeeepto
1027 2155 1129 2243 posita
1149 2167 1207 2233 est,
1224 2166 1280 2223 aut
1302 2167 1390 2223 certe

290 2254 474 2320 omittantur
490 2252 624 2318 sanctius
640 2262 673 2318 et
689 2275 758 2318 cum
776 2252 886 2339 majori
902 2253 987 2340 apud
1004 2254 1102 2319 bonos
1116 2254 1219 2321 laude.

363 2354 385 2417 2
419 2353 458 2417 In
475 2350 649 2417 Troadibus
667 2351 793 2417 Senecae
810 2352 924 2419 dicenti
941 2353 1067 2441 Pyrrho
1084 2354 1177 2437 (vers.
1194 2355 1296 2439 333):

484 2473 544 2527 Lex
558 2471 636 2526 nulla
649 2478 732 2543 capto
746 2472 845 2544 parcit,
860 2479 911 2527 aut
925 2489 1038 2544 poenarn
1052 2472 1186 2546 impedit:

288 2576 409 2667 regerit
425 2578 648 2668 Agamemnon,

486 2697 568 2764 Quod
582 2714 639 2752 non
653 2702 732 2753 vetat
745 2697 799 2763 lex,
813 2696 868 2753 hoc
883 2703 961 2753 vetat
974 2696 1036 2752 fiori
1050 2697 1151 2771 pudor.

291 2806 361 2885 Quo
388 2805 421 2870 in
442 2806 510 2872 loco
535 2804 636 2893 pudor
660 2826 723 2869 non
745 2813 810 2871 tam
832 2803 989 2869 hominum
1011 2811 1044 2869 et
1068 2803 1169 2881 samm,
1192 2824 1286 2891 quam
1307 2804 1390 2893 aqui

289 2914 324 2970 et
340 2904 421 2981 boni,
439 2913 495 2971 aut
511 2912 596 2970 certe
621 2903 688 2989 ejus
709 2903 793 2988 quod
809 2903 927 2988 aequins
950 2902 1119 2989 meliusque
1136 2912 1193 2980 est,
1211 2914 1388 2992 respectum

127 3019 158 3058 m
169 3016 277 3059 'metm
290 3003 452 3090 signifieat.
505 3002 556 3067 Sic
570 3001 603 3066 in
617 3003 640 3067 J
641 3001 820 3067 ustinianeis
836 3004 1101 3068 [restitutionibus
1115 3001 1269 3089 legimus:
1290 3005 1390 3088 fidei-

124 3064 193 3104 ”m'
205 3064 242 3112 '¹'
289 3103 461 3167 commissa
477 3101 648 3186 appellate
665 3112 750 3176 sunt,
768 3103 850 3186 qaia
869 3103 960 3166 nullo
981 3102 1111 3167 vineole
1120 3101 1222 3185 juria,
1239 3105 1298 3169 aed
1314 3115 1390 3168 tan·

309 3382 447 3437 camme
467 3381 506 3437 X.
556 3380 704 3454 Warae‘oys
718 3384 877 3454 eoaoerns'ay
891 3383 978 3455 tbiays
992 3383 1058 3437 done
1072 3382 1103 3436 ia
1116 3397 1155 3435 aa
1168 3381 1261 3454 aajroet
1278 3380 1359 3436 War.

341 3520 365 3575 1.
404 3527 419 3576 1
444 3521 459 3576 1
473 3526 548 3576 must
561 3537 624 3576 now
635 3521 715 3576 troad
727 3521 800 3577 back
811 3539 860 3592 my
871 3527 956 3592 steps,
966 3518 1023 3574 and
1037 3519 1103 3575 take
1117 3519 1191 3575 from
1204 3516 1387 3588 belligerante

288 3606 386 3677 nearly
401 3606 448 3670 all,
468 3605 559 3661 which
574 3607 590 3662 1
608 3606 679 3662 have
699 3606 812 3663 seemed
832 3612 862 3662 to
883 3613 967 3678 grant
986 3605 1079 3669 them;
1101 3605 1158 3659 aud
1175 3609 1224 3676 yet
1240 3603 1312 3658 hare
1334 3608 1388 3658 not

288 3691 376 3761 really
387 3693 523 3761 granted3
543 3692 589 3746 for
609 3692 690 3746 when
704 3694 719 3746 1
733 3694 824 3765 began
840 3698 870 3747 to
884 3691 997 3763 explain
1016 3690 1072 3745 this
1087 3696 1153 3762 part
1164 3690 1198 3744 oi
1211 3688 1261 3744 the
1276 3689 1343 3742 baur
1357 3688 1393 3742 ot'

287 3775 417 3839 Nations,
435 3774 451 3829 1
467 3775 588 3830 testifled
608 3776 670 3832 that
687 3795 772 3849 many
786 3778 880 3848 things
896 3792 970 3831 were
983 3775 1043 3831 said
1056 3787 1086 3831 to
1101 3776 1137 3831 be
1152 3776 1214 3839 low,
1233 3790 1267 3828 or
1281 3775 1390 3847 lcwsot,

287 3858 407 3914 because
425 3859 493 3931 they
512 3876 560 3914 are
581 3861 654 3916 done
675 3864 743 3918 with
760 3862 918 3935 impunity;
935 3863 1028 3934 partly
1042 3861 1110 3925 also,
1125 3861 1246 3916 because
1260 3861 1390 3915 coactive

284 3944 446 4016 judgmonts
454 3945 487 3998 of
492 3944 628 4000 tribunale
637 3948 847 4002 accommodate
859 3946 934 4002 their
942 3946 1086 4017 authority
1095 3952 1124 4000 to
1132 3945 1226 4001 them:
1242 3944 1326 3999 while
1339 3944 1390 3999 tho

287 4029 382 4102 things
405 4028 572 4104 themselves
593 4031 685 4087 either
707 4034 818 4088 deriate
840 4031 915 4087 from
938 4032 988 4087 the
1004 4032 1066 4087 rulo
1088 4031 1121 4086 oi
1143 4030 1229 4103 right,
1245 4028 1391 4097 (whether

287 4115 350 4172 that
368 4117 429 4172 rulo
447 4117 484 4172 be
504 4117 649 4188 regulated
665 4117 703 4191 by
717 4119 797 4174 striot
811 4118 922 4187 justice,
943 4134 976 4173 or
993 4116 1093 4188 bytho
1106 4124 1237 4188 precepta
1257 4114 1292 4170 of
1303 4114 1390 4170 other

286 4200 412 4269 virtues)
427 4220 460 4257 or
473 4208 504 4257 at
518 4203 598 4268 least,
612 4220 675 4276 may
689 4220 768 4258 more
780 4203 954 4273 righteonaly
965 4204 1021 4257 and
1033 4201 1166 4273 laudably
1180 4201 1216 4256 be
1227 4200 1357 4256 omitted.

341 4294 358 4342 2
380 4289 432 4342 We
450 4287 522 4343 hare
541 4289 621 4344 often
639 4289 741 4360 pudor,
757 4289 855 4352 chame,
876 4288 1003 4343 referred
1021 4294 1052 4343 to
1066 4305 1097 4342 as
1111 4286 1289 4357 moderating
1306 4287 1389 4341 strict

287 4370 392 4442 rights:
412 4374 504 4442 perdor
515 4374 654 4444 meaning,
665 4379 717 4427 not
727 4388 759 4427 so
774 4372 860 4427 much
871 4373 997 4445 aregard
1008 4380 1039 4429 to
1052 4372 1213 4445 reputation
1225 4371 1283 4426 and
1298 4365 1389 4427 men'a
