2986 5048
95 231 244 300 C.sr.1V.]
279 235 403 288 BELLO
428 235 852 299 SOLENN1,ETA1.1av1
876 237 917 289 IN
942 236 1102 289 00111’1'8.
1161 226 1199 286 b'l
1296 193 1302 203 .

173 400 194 462 2
229 397 368 462 Thraces
382 396 453 461 olim
471 407 562 484 capta
577 398 752 484 Mycalesso
770 396 899 462 seminas
916 419 1038 482 quoque
1056 408 1089 462 ct
1103 398 1202 461 iniun-

96 505 145 562 tes
167 496 356 572 occiderunt,
383 505 532 561 narrante
554 496 749 582 Thucydide.
797 496 884 560 Idem
912 498 952 561 de
980 498 1201 560 Macedonibus
1215 516 1343 555 muium

96 618 166 661 cum
184 596 309 661 Thebas
325 594 476 681 cepissent
493 603 602 660 narrat
618 595 784 659 Arrianus.
821 596 975 660 pRomani
991 606 1082 682 capta
1100 595 1199 682 llurgi
1213 604 1319 698 ff}

96 695 178 760 urbe
209 694 381 780 Hispaniae,
406 686 555 762 ἔκτειναν
582 689 709 772 ὁμαλῶς
735 694 786 761 καὶ
811 688 923 762 παιδία
953 694 1005 760 sui
1034 695 1199 782 γυναῖκας,
1266 687 1294 697 '⁶

97 797 168 859 sinc
184 794 372 858 discrimine
389 794 620 859 interemerunt
640 796 741 858 ctiam
763 797 916 858 mulieres
935 807 965 859 et
977 816 1106 877 pueros,
1130 815 1200 878 quae

98 892 195 958 verba
211 900 284 956 sunt
300 891 446 976 Appiani.
485 890 690 956 Germanicus
708 892 814 956 Cacsar
828 891 936 957 Tacito
954 902 1101 957 narratur
1117 892 1200 957 vicos
1213 901 1335 994 ffigfflc·

97 993 275 1056 Marsorum
310 989 501 1072 (Germanias
526 989 553 1054 is
583 986 726 1076 populus)
751 990 837 1056 ferro
858 991 1049 1077 flammisque
1075 1013 1200 1078 pervas-
1213 978 1284 1031 itt-¹
1299 993 1330 1028 ⁵¹·

97 1100 191 1167 tasse,
208 1088 415 1174 additurque:
434 1111 499 1154 non
514 1111 619 1164 secus,
644 1111 708 1154 oon
725 1102 806 1155 oetas
823 1093 1060 1156 miserationem
1077 1093 1200 1156 attulit.

98 1189 188 1254 Titus
201 1188 386 1254 Judaeorum
404 1187 499 1252 etiam
520 1189 653 1274 ⁴puer0a
675 1196 707 1252 ct
726 1188 856 1253 feminas
879 1190 912 1254 iu
932 1189 1105 1275 spectaculo
1127 1190 1203 1254 fcris

98 1287 260 1353 laniandas
276 1285 446 1372 proposuit
494 1287 538 1350 Et
560 1294 665 1350 tamen
687 1286 721 1351 hi
743 1288 805 1353 duo
830 1287 953 1376 iugenio
970 1288 1094 1353 minime
1117 1311 1202 1353 saevo

98 1386 193 1452 fuisse
212 1385 403 1451 creduntur:
428 1384 508 1450 adeo
531 1383 651 1449 scentia
676 1384 729 1450 illa
749 1386 781 1450 in
802 1409 921 1452 morem
944 1396 1092 1451 verterat.
1132 1391 1202 1465 Quo

97 1484 200 1549 minus
213 1483 323 1549 mirum
339 1483 366 1547 si
381 1492 414 1548 ct
426 1505 515 1548 senes
529 1482 764 1561 interficiuntur,
780 1493 816 1550 ut
833 1507 852 1549 a
870 1486 999 1572 Pyrrho
1016 1485 1168 1552 Priamus.
1215 1487 1367 1582 mit-⁵⁶⁰·

172 1584 214 1650 X.
259 1586 279 1648 1
313 1583 383 1647 qNc
400 1581 517 1670 captivi
532 1581 656 1667 quidem
681 1583 723 1648 ab
740 1583 799 1647 hac
815 1583 939 1648 licentia
964 1583 1088 1649 exemti.
1123 1586 1204 1671 Pyr-

99 1683 178 1748 rhus
194 1681 279 1770 apud
296 1682 444 1747 Senecam
462 1703 502 1746 ex
518 1690 645 1768 recepto
664 1691 738 1747 tuuc
755 1704 860 1747 more:
1220 1698 1292 1737 moue
1302 1696 1369 1735 eac

299 1801 361 1855 Lex
373 1800 452 1856 nulla
464 1781 549 1874 cepto
563 1803 655 1873 parcit
668 1808 719 1857 aut
733 1819 847 1875 poenam
861 1803 989 1875 impedit.

146 1939 158 1969 ⁴
173 1939 240 1985 Nihil
254 1941 299 1987 hse
313 1940 344 1987 de
358 1955 385 1987 re
396 1943 460 2001 spnd
474 1940 629 1988 Josnrnurs.
676 1944 760 2003 pueris
770 1948 792 1990 et
802 1944 937 1990 mulieribus
947 1944 1027 1999 hehet,
1037 1944 1060 1988 d.
1072 1945 1117 1989 loc.
1140 1945 1167 1990 J.
1173 1945 1205 1991 B.

102 2016 181 2062 lmmo
192 2016 280 2062 diserte
290 2016 328 2062 hic
342 2017 385 2074 eit,
397 2017 476 2077 ceptis
490 2017 629 2077 Hierosoly·
725 2028 737 2060 s
753 2019 797 2064 Ne
806 2020 896 2078 captivi
905 2019 997 2078 quidem
1007 2019 1038 2064 ab
1052 2019 1098 2064 hcc
1110 2019 1207 2065 licentia

101 2093 155 2149 mis,
172 2091 254 2137 Titum
272 2091 343 2138 vendi
359 2092 459 2152 jussisse
475 2105 566 2148 omnes,
587 2092 630 2151 qui
680 2092 792 2153 exempti]
808 2092 909 2138 Elisaeus
920 2092 984 2153 apud
994 2093 1137 2152 losephum:
1148 2095 1207 2141 roric

101 2167 164 2211 infre
173 2165 291 2212 decimum
303 2165 432 2225 septimum
442 2179 530 2211 annum
539 2171 628 2212 essem.
681 2169 732 2227 γάρ
749 2169 814 2228 νόμῳ
830 2167 974 2226 ληφθέντας
989 2167 1109 2227 πολέμου,
1126 2168 1206 2215 ‹irex-

101 2240 164 2286 Bett.
176 2239 238 2286 «Μ.
256 2239 309 2287 Lib.
324 2252 360 2286 vt.
377 2252 430 2298 oep.
442 2241 475 2285 ix.
493 2239 541 2300 §2
558 2240 629 2286 dieb.
680 2243 773 2288 reivers
783 2242 857 2303 ἔλεγε
868 2243 971 2288 δίκαιον·
987 2242 1042 2287 tells·
1051 2242 1109 2299 jure
1125 2249 1207 2302 captos

101 2316 213 2363 Hudsoss.
243 2316 332 2363 nouus
342 2317 437 2363 Auctor
445 2320 528 2362 noster
537 2330 567 2362 ex
577 2318 630 2362 Ar.-
681 2317 783 2376 interfici
796 2316 887 2373 jussum
904 2317 1003 2363 dicebat.
1035 2317 1129 2378 (Antip.
1146 2319 1206 2365 Jud.

101 2404 202 2438 scrico
214 2392 335 2449 Gssrrnr,
346 2391 401 2437 Lib.
409 2404 438 2437 ιι.
450 2404 504 2450 cop.
512 2392 560 2436 xxi.
572 2404 630 2450 psg.
682 2392 735 2438 Lib.
745 2405 781 2437 rx.
792 2406 843 2450 cup.
851 2392 881 2436 iv.
892 2391 906 2450 5
918 2394 939 2437 3.
955 2392 1004 2437 Ed.
1016 2392 1139 2449 licitos.)
1158 2394 1210 2439 lta·

98 2467 152 2522 425,
163 2464 204 2525 qui
213 2469 294 2511 temen
302 2464 396 2510 nullum
407 2463 480 2508 alium
489 2467 577 2509 testem
587 2464 631 2508 ed-
682 2480 729 2526 que
744 2466 860 2525 virgilius
875 2465 996 2525 captivum
1012 2466 1104 2512 inducit
1120 2481 1208 2526 rogan·

100 2542 156 2597 fert,
168 2539 214 2585 nisi
225 2539 345 2586 Clausus
361 2539 463 2584 Encom.
479 2538 571 2584 Neron.
589 2538 631 2584 nbi
682 2546 747 2586 tem:

100 2614 140 2660 hic
149 2614 263 2660 “ivm
276 2614 361 2660 Titum
376 2613 546 2668 dementare
562 2612 631 2672 ‘imi
683 2626 723 2666 Per
734 2628 809 2674 petrios
820 2638 897 2672 menes,
912 2638 948 2675 per
959 2639 1004 2677 spes
1018 2631 1118 2677 surgonth
1130 2631 1177 2674 Iuli.

101 2690 193 2736 Neroni
217 2687 416 2748 comparendum,
441 2700 470 2732 eo
495 2686 560 2745 quod
584 2699 631 2731 uno
682 2689 710 2728 're
724 2700 794 2736 precor
805 2691 1037 2730 uaneemmnmservce
1048 2692 1209 2738 musquoputri-

102 2764 235 2823 epectaculo
247 2763 341 2821 aliquot
352 2761 431 2806 millis
444 2759 592 2815 Jadoeorum,
606 2760 632 2804 in
730 2762 776 2798 (¹¹¹2

103 2839 188 2899 quibus
202 2849 285 2883 ruunt
296 2849 329 2881 nr
340 2847 482 2889 muniemus,
491 2834 632 2893 serisdila·
683 2833 751 2891 (AErt
769 2845 796 2879 x.
813 2833 876 2890 524.)
913 2845 968 2877 cxx
995 2832 1068 2878 millis
1086 2832 1210 2879 Slnvorum

101 2912 205 2958 nimidas
216 2911 360 2968 exposuerit.
386 2908 463 2969 Cujus
472 2909 506 2953 rei
514 2912 633 2953 auctorest
684 2912 809 2966 captorum
825 2907 856 2953 ab
874 2907 967 2954 Ottone
986 2908 1113 2954 interiecta
1128 2913 1210 2956 namt

101 2986 184 3032 adfert
193 2985 296 3031 anim
303 2984 353 3030 Titi
363 2981 518 3035 Jossrnuss,
531 2982 599 3027 Tom.
613 2993 631 3025 i.
684 2982 837 3030 Witilsiudus
846 2982 899 3029 Lib.
907 2996 945 3029 in.
958 2982 1066 3042 [papus.
1077 2983 1147 3029 Edit.
1163 2985 1211 3031 We·

103 3074 161 3120 pag.
177 3061 231 3106 206.
263 3058 324 3118 Opp-
348 3057 456 3105 earum.
484 3056 533 3102 Ed.
553 3055 632 3114 susc.
684 3058 963 3105 chel.1577.ubitnmeu
979 3059 1209 3122 Septiuqeuticapli·

104 3134 173 3182 rtet.
202 3131 370 3193 AtJoeephm
383 3145 416 3177 ne
431 3132 480 3191 γρὺ
496 3130 592 3191 quidem
602 3129 633 3175 de
684 3138 870 3180 ecmmtautum
881 3135 1165 3196 capitecoesidicuntur.]

399 3309 401 3312 ,
435 3302 803 3312 -——--.-..-.-—--.-
816 3303 866 3310 ..-.

158 3440 176 3488 2
205 3433 299 3489 When
319 3433 369 3489 the
391 3434 545 3490 Thraciam
565 3435 633 3491 took
655 3435 826 3507 Mycalessus
847 3434 914 3505 they
936 3440 988 3504 put
1009 3441 1039 3486 to
1060 3430 1146 3485 death
1162 3432 1211 3486 tho

101 3534 213 3573 women
235 3519 293 3573 and
319 3519 457 3576 children.
504 3522 542 3575 So
568 3520 618 3575 the
640 3520 839 3575 Macedonicus
867 3520 915 3572 did
944 3517 1025 3571 when
1049 3516 1117 3586 they
1143 3517 1210 3569 took

103 3603 234 3667 Thebess
250 3603 302 3658 the
317 3605 444 3659 Romans
464 3604 546 3660 when
567 3605 636 3677 they
651 3605 718 3659 took
734 3605 836 3673 Ilurgis
855 3604 885 3655 in
904 3604 1008 3673 Spsin3
1027 3601 1210 3657 Germanicus

102 3688 227 3759 ravaged
240 3688 291 3743 the
307 3689 397 3743 Marsi
417 3690 486 3744 trith
504 3691 557 3745 fire
573 3691 629 3744 and
644 3689 735 3744 sword
751 3688 869 3743 without
883 3705 978 3759 mercy
992 3694 1022 3741 to
1037 3704 1085 3742 sex
1100 3704 1133 3741 or
1148 3704 1209 3758 age.

103 3773 187 3827 Titus
201 3774 325 3843 exposed
346 3775 396 3830 the
418 3775 547 3829 children
561 3776 618 3829 aud
639 3792 747 3829 women
768 3774 854 3829 taken
874 3779 905 3828 at
923 3773 1080 3829 Jerusalem
1095 3779 1125 3828 to
1140 3773 1212 3844 fight

102 3857 173 3911 with
188 3856 254 3911 wild
266 3858 361 3915 bessts
376 3861 405 3913 in
421 3860 471 3915 the
485 3861 580 3932 public
592 3854 777 3932 spectacles*.
814 3858 878 3913 And
893 3866 941 3931 yet
956 3860 1139 3914 Germanicus
1156 3860 1213 3915 and

103 3943 187 3997 Titus
202 3958 252 3997 are
266 3945 431 3999 considered
446 3962 477 3999 es
488 3945 612 4000 humane
625 3963 709 4010 mens
726 3961 757 3999 so
771 3945 855 3999 much
870 3944 926 3998 had
941 3944 1004 3998 that
1018 3945 1087 3998 kind
1105 3946 1139 3998 of
1149 3960 1213 3997 cru·

102 4028 164 4100 elty
177 4027 297 4085 become
317 4038 487 4102 customary.
531 4030 595 4084 And
609 4030 699 4083 henco
718 4045 760 4083 we
779 4045 828 4081 aro
843 4029 893 4082 tho
907 4029 962 4082 less
976 4035 1007 4082 to
1022 4030 1136 4082 wonder
1150 4026 1214 4080 that

103 4113 153 4167 old
164 4129 231 4169 men
240 4130 317 4170 scere
328 4115 409 4180 alain,
420 4130 451 4170 es
463 4115 559 4169 Priam
571 4115 609 4185 by
624 4113 757 4182 Pyrrhus.

157 4197 199 4254 X
237 4205 252 4253 l
283 4200 365 4255 Esen
385 4201 509 4271 captives
528 4214 601 4253 were
615 4203 667 4250 not
681 4194 832 4266 exompted
845 4194 921 4250 from
935 4194 991 4250 this
1002 4195 1130 4267 liability.
1165 4195 1214 4251 No

148 4304 163 4330 ¹
178 4305 317 4367 Bsrheyrse
327 4306 407 4352 shesn
415 4307 470 4353 that
479 4305 527 4352 this
537 4304 654 4351 essertiou
668 4302 689 4348 is
705 4306 748 4349 not
758 4302 891 4362 supported
901 4302 933 4363 by
943 4301 1007 4363 good
1017 4304 1125 4364 authore,
1135 4303 1184 4351 and
1194 4301 1215 4351 is

102 4380 249 4441 epp-ready
258 4381 334 4426 taken
344 4380 407 4426 irem
417 4393 433 4425 s
443 4379 605 4427 declsmstiou
615 4378 643 4426 ct
652 4377 748 4426 cumn
757 4377 855 4438 egsum
864 4378 944 4427 Titne.

1093 4452 1113 4514 6

208 4490 330 4579 [enon.
342 4489 410 4582 rm]
