2986 5048
292 283 357 346 304
599 291 652 344 DE
673 291 764 344 FIDE
787 291 907 344 INTER
929 288 1089 345 HOSTES.
1258 283 1337 353 [Lm
1350 284 1406 340 III.

293 453 334 519 de
350 474 413 540 qua
428 453 549 541 agimus
566 452 714 541 obligatio
731 475 771 518 ex
793 452 953 539 promisso.
982 452 1116 536 ·Neqne
1133 470 1210 515 vero
1227 449 1405 536 putandum

293 562 351 629 est,
368 552 441 637 quic
457 552 538 617 hosii
555 552 665 617 falsum
683 551 785 638 eloqui
802 562 859 617 aut
880 551 984 626 licere,
1001 559 1057 615 aut
1078 549 1207 613 crimine
1223 569 1340 614 meare
1363 572 1405 614 ex

293 650 461 715 multorum
486 650 641 716 sententia
663 672 761 737 supra
785 650 929 726 diximus,
956 649 1026 736 pari
1050 648 1174 713 rationo
1199 647 1260 712 hoc
1292 657 1328 714 et
1360 649 1404 713 ad

294 749 386 815 iidem
404 750 509 816 ἀοιοιο
526 748 639 815 referri
653 770 753 836 posse.
805 747 889 813 Nam
906 769 983 812 vero
1002 745 1168 832 eloquendi
1184 745 1338 834 obligatio
1354 756 1405 813 est

294 869 334 914 ex
347 871 448 926 cansa,
467 871 537 934 quse
550 847 631 914 bello
647 847 708 914 fnit
720 847 869 922 anterior,
884 855 918 912 ει
933 845 1015 911 bello
1031 845 1097 910 tolli
1109 845 1192 910 forte
1203 844 1404 930 aliquatenus

293 955 415 1033 petest:
443 956 477 1012 at
502 946 663 1032 promissio
685 968 743 1033 pen
767 967 802 1010 se
822 945 875 1032 jus
904 966 1017 1009 novum
1043 943 1172 1009 confert.
1224 943 1317 1010 mois
1343 945 1403 1011 hoc

294 1045 461 1111 discrimen
482 1045 669 1112 Aristoteles
692 1067 787 1131 quum
808 1042 849 1108 de
864 1042 1034 1128 veriloquio
1056 1063 1155 1130 agens
1171 1042 1236 1108 ait:
1261 1038 1301 1110 οὗ
1324 1043 1402 1136 rapi

295 1147 358 1211 τοῦ
383 1141 418 1212 ἐν
441 1145 515 1217 ταῖς
539 1139 731 1233 ὁμολογίαις
751 1137 969 1225 ἀληθεύοντος
993 1135 1152 1229 λέγομεν,
1178 1133 1245 1208 οὐδ’
1264 1138 1333 1211 ὅσα
1357 1146 1401 1217 είς

295 1235 414 1311 ἀδικίαν
438 1242 492 1311 καί
517 1235 715 1324 δικαιοσύνην
739 1241 908 1317 συντείνει,
933 1236 1037 1320 ἄλλης
1064 1236 1137 1332 ’γαρ
1156 1235 1198 1308 ἂν
1219 1239 1271 1320 ei»,
1297 1239 1399 1310 ταῦτ’

295 1339 428 1435 ἀρετῆς
455 1366 518 1409 non
543 1345 582 1410 de
604 1365 639 1408 eo
668 1344 840 1428 loquimar,
866 1341 928 1424 qui
952 1342 989 1404 in
1013 1341 1275 1406 conventionibus
1297 1364 1401 1408 verca

295 1456 351 1518 esi,
377 1455 407 1507 οι
436 1444 473 1507 irs
498 1444 544 1508 iis
572 1465 644 1527 qam
670 1442 902 1525 adjustitiam
925 1451 957 1504 οι
987 1438 1188 1522 injustitiam
1206 1442 1400 1524 pertinent.-

294 1553 370 1606 sens
387 1543 471 1607 enim
488 1542 556 1607 bac
573 1542 711 1607 allerias
728 1541 872 1605 circatis.

131 1656 281 1706 &ero-⁶¹2·
369 1643 391 1704 4
425 1638 596 1705 Pausanias
619 1638 777 1704 Arcadicis
803 1638 843 1703 de
867 1635 1014 1724 Philippo
1028 1636 1217 1702 Macedone:
1242 1666 1397 1727 στρατη-

294 1734 360 1828 ’γὸν
377 1734 509 1828 ἇγαθδν
525 1734 583 1807 οιίκ
599 1733 640 1807 ἅν
664 1768 713 1810 τις
731 1733 860 1831 φρονῶν
877 1731 961 1826 ὀρθοί
983 1730 1151 1804 καλέσειεν
1170 1731 1280 1806 αὐτόν·
1298 1735 1333 1810 ὅς
1350 1767 1398 1828 γε

294 1838 347 1906 καί
373 1835 488 1930 ὅρκους
515 1838 596 1906 θεῶν
619 1834 854 1916 κατεπάτησεν
878 1831 938 1910 ἀεί,
966 1834 1020 1901 καί
1045 1827 1190 1907 στονδοίς
1209 1832 1266 1904 ἐπί
1293 1837 1400 1906 παντί

292 1933 477 2025 ε’ψειίσατο,
505 1938 621 2006 πίστιν
646 1966 687 2004 τε
716 1931 859 2016 ἠτίμασε
885 1939 1037 2012 μάλιστα
1067 1930 1254 2026 ἀνθρώπων·
1279 1937 1398 2002 bouum

293 2060 363 2103 enm
391 2039 625 2122 Imperatorem
647 2057 737 2102 nemo
763 2046 847 2101 reete
874 2034 1045 2108 vocaverit,
1070 2046 1108 2098 αι
1136 2035 1196 2119 qai
1214 2056 1281 2120 pro
1309 2058 1399 2102 more

292 2137 443 2202 habuerit
463 2136 701 2220 juparandnm
728 2146 932 2206 contemnere,
958 2132 1059 2213 fidem
1083 2135 1201 2217 pisanis
1227 2137 1399 2201 occasions

292 2237 424 2309 violare,
452 2236 504 2298 ita
530 2246 570 2299 at
598 2235 684 2298 nulli
711 2233 835 2297 bomini
852 2233 937 2314 fides
961 2230 1060 2294 uilior
1076 2233 1197 2316 suerit.
1248 2233 1398 2298 Valerius

148 2351 212 2389 ι.»
292 2332 449 2396 Maximus
464 2332 504 2397 de
525 2331 694 2396 Annibale:
720 2332 836 2396 bellum
857 2332 1013 2394 adversas
1026 2331 1185 2414 populum
1207 2332 1398 2397 Romanam

129 2406 177 2435 'i'
292 2444 322 2497 ει
348 2430 486 2494 Italiam
510 2430 685 2514 proffessus,
711 2432 866 2495 adversus
890 2429 999 2513 ipsam
1016 2430 1117 2510 fidem
1144 2431 1258 2495 aerias
1282 2435 1396 2516 pessit,

293 2531 472 2595 mendaciis
488 2529 674 2615 eisollacia
691 2530 786 2612 qnasi
799 2528 975 2613 preclaris
991 2528 1120 2593 artibus
1134 2530 1305 2612 pandens:
1329 2553 1397 2616 qao

338 2705 344 2735 ¹
361 2706 406 2752 Ειι
415 2706 480 2766 apud
491 2704 637 2752 Homerum:
866 2701 948 2747 morice
958 2700 1023 2757 vitio,
1033 2714 1128 2747 sensum
1139 2705 1164 2748 ct
1177 2702 1263 2750 seriam
1279 2704 1398 2750 orationis

519 2781 600 2833 κέρδιον
607 2779 657 2830 ἡμῖν
867 2775 1016 2821 immntavits
1026 2776 1226 2834 quemadmodum
1237 2777 1311 2824 stiam
1320 2782 1344 2823 in
1352 2793 1397 2824 ona

301 2846 410 2899 Ἔλτομαι
416 2847 557 2897 invehimini,
569 2847 604 2889 ‘ira
612 2847 641 2899 μή
653 2846 740 2900 ῥέξομεν
746 2844 792 2888 ὦδε.
866 2849 921 2896 libri
930 2849 1044 2909 scriptum
1051 2854 1111 2908 erat,
1120 2851 1198 2899 Iliad·
1209 2853 1241 2898 Χ.
1253 2865 1300 2912 pro
1315 2853 1397 2900 Iliad.

291 2925 335 2971 is.
348 2929 376 2970 ιιι
385 2925 550 2970 beneventani
563 2923 641 2969 ultimi
656 2924 718 2969 init.
735 2922 817 2982 Quare
869 2928 899 2974 Η.
925 2926 994 2973 J.B.

291 3000 353 3047 nisit
375 3000 432 3046 aliis
447 3000 515 3045 nobis
535 3004 629 3044 ααιαιιιο
651 2999 755 3059 ςθιοιαοι
774 2999 816 3056 iri,
911 3001 1085 3048 οΑιίιιιιετιίιοι
1100 3017 1146 3049 son
1165 3003 1287 3064 comiti]
1303 3005 1397 3053 Saum

291 3075 339 3119 nisi
341 3073 471 3132 fecerimus
479 3072 625 3128 iiascllicet,
633 3073 677 3116 nisi
688 3073 816 3120 reddamus
867 3078 892 3124 in
902 3077 1030 3136 Exemplis
1041 3091 1076 3123 iv.
1087 3082 1109 3125 7.
1140 3078 1291 3138 Νοιιρνιαοι
1300 3081 1396 3128 mma.

292 3147 418 3194 lleleuam.
451 3146 490 3191 Sic
505 3144 601 3190 Auctor
616 3149 704 3203 noster,
720 3160 750 3193 ex
765 3162 816 3195 ms·
866 3151 936 3210 riam,
956 3167 1052 3200 uxorem
1070 3155 1167 3214 syrmi
1178 3155 1305 3214 polluere.-
1332 3157 1396 3205 sim

604 3289 642 3296 μ-

290 3393 363 3458 that,
380 3393 500 3449 because
515 3398 545 3448 ιο
565 3393 615 3449 icil
632 3395 809 3451 aialsehood
824 3402 854 3453 ιο
873 3415 910 3453 au
930 3416 1032 3471 enemy
1049 3417 1114 3472 may
1128 3399 1220 3455 sicher
1233 3399 1271 3456 be
1284 3401 1394 3467 lavful,

290 3497 323 3536 or
345 3486 376 3535 ai
398 3481 477 3546 least,
498 3480 651 3547 allowable,
672 3483 823 3555 accordiug
842 3491 873 3538 ιο
891 3484 941 3540 tho
956 3487 1071 3556 opinion
1089 3485 1122 3540 of
1134 3502 1220 3557 many
1235 3483 1281 3552 (as
1296 3490 1393 3544 snaed

290 3564 401 3633 above),
417 3566 479 3624 thot
493 3567 532 3637 by
546 3568 639 3639 pssity
651 3568 683 3622 of
698 3585 798 3624 reason
816 3568 871 3625 this
886 3588 951 3642 may
962 3571 1021 3626 also
1033 3573 1069 3626 be
1080 3576 1145 3626 true
1162 3571 1196 3626 of
1207 3570 1280 3626 saith
1295 3574 1391 3644 given.

289 3653 347 3707 For
361 3652 410 3707 the
430 3653 582 3723 obligatiou
599 3654 632 3708 of
649 3654 784 3726 speaking
805 3655 855 3711 the
877 3657 957 3711 irath
975 3658 1061 3712 crisos
1075 3657 1150 3712 from
1164 3673 1182 3711 a
1196 3673 1279 3712 cause
1298 3658 1391 3714 which

289 3754 345 3791 vas
359 3739 484 3791 anterior
497 3744 528 3791 to
543 3737 591 3792 tho
606 3756 670 3801 var,
686 3740 743 3793 and
757 3758 822 3812 may
836 3743 966 3814 perhaps,
983 3744 1013 3796 in
1029 3759 1106 3798 some
1121 3742 1283 3814 degresso
1302 3745 1392 3800 taken

289 3838 367 3891 away
381 3821 419 3891 by
431 3821 480 3875 tho
491 3839 548 3875 war
556 3841 564 3886 3
585 3822 638 3877 but
650 3841 667 3876 a
681 3827 803 3895 promise
817 3827 850 3881 of
860 3828 941 3883 iiself
949 3829 1059 3883 confers
1074 3846 1092 3883 a
1105 3845 1166 3884 nov
1181 3828 1265 3899 right.
1311 3830 1391 3886 Aris·

289 3906 360 3962 ιοιιο
374 3922 429 3959 sav
444 3906 499 3960 this
514 3906 664 3962 difforeuce
679 3909 759 3964 when
773 3910 810 3965 he
824 3913 893 3978 said,
911 3912 948 3967 In
959 3914 1086 3985 spsakinp
1099 3917 1133 3988 ο]
1142 3915 1230 3968 simi
1243 3923 1391 3986 cipreseas

288 4010 327 4048 wc
344 4009 423 4046 mean
441 3990 582 4063 δίοοαίιη,
604 3995 688 4048 which
705 3996 728 4050 is
745 3999 860 4068 opposed
876 4008 902 4053 ιο
920 4000 1063 4062 Praenes,⁸
1081 4009 1128 4054 ιιοι
1148 4001 1236 4054 Tralli
1256 4019 1290 4054 or
1309 4001 1392 4057 Oood

288 4080 379 4144 Falsis,
394 4080 477 4134 which
497 4080 599 4150 applica
621 4090 647 4135 ιο
666 4091 807 4150 οοιιινοοιι,
822 4087 876 4158 sor
897 4086 948 4139 tna
970 4086 1073 4157 belesma
1095 4095 1121 4140 ιο
1144 4086 1256 4141 anesio
1282 4087 1388 4147 Varios.

288 4166 353 4220 Etis.
371 4166 432 4221 Nic.
449 4181 488 4221 ιν.
505 4171 547 4221 13.

346 4259 363 4306 4
387 4253 540 4308 Pausanias
552 4269 615 4325 says
627 4253 660 4309 of
669 4254 762 4327 Philip
775 4256 808 4310 of
816 4256 963 4321 Macedon,
972 4256 1035 4311 thas
1046 4256 1083 4312 he
1092 4257 1175 4312 could
1188 4262 1239 4312 noi
1250 4257 1287 4313 be
1295 4258 1388 4315 called

287 4354 305 4392 a
318 4344 399 4409 great
412 4340 535 4410 general,
548 4340 594 4393 for
607 4339 643 4395 he
663 4358 717 4396 vas
737 4343 767 4395 in
782 4342 831 4397 the
845 4341 925 4396 habit
940 4344 973 4398 oi
983 4343 1120 4414 breaking
1132 4342 1177 4398 his
1190 4344 1328 4416 promises
1348 4361 1388 4400 on

287 4439 371 4495 every
386 4425 523 4480 occasion.
563 4425 601 4479 So
621 4424 751 4482 Valerius
765 4428 904 4483 Maximus
922 4428 955 4484 oi
971 4429 1102 4485 Annibal.
1141 4428 1203 4485 The
1217 4430 1337 4502 Trojano
1356 4432 1389 4486 in
