2986 5048
118 293 187 355 cri.
201 297 299 367 XIX.]
429 302 481 356 Du
504 302 594 357 FIDE
617 303 737 358 INTER
760 303 919 362 HOSTES.
1159 299 1224 364 303

724 469 855 540 Optimus
869 469 917 524 ille

335 554 452 618 Militiae,
467 554 512 609 cui
527 559 701 626 postremum
715 555 894 627 primumque
907 555 982 610 tueri

334 636 432 695 'Inter
446 640 520 694 bella
534 640 629 695 fidem.

118 735 295 823 Xenophon
314 738 471 803 Oratione
484 740 525 803 de
538 734 756 823 Apest'laO,‘'
719 766 806 805 ουτω
817 733 911 826 μέγα
923 768 976 805 και
968 732 1097 806 καλδν
1111 737 1222 822 κτῆμα
1232 763 1282 815 cap
1288 767 1306 804 a
1317 766 1354 814 ss

118 839 190 907 τοῖς
216 865 257 904 πε
278 828 437 909 ἅλλοις”
416 866 520 905 απασι
541 866 592 903 και
586 829 700 905 dvi
691 870 699 904 ι
726 830 764 917 dri
787 840 988 929 στρατηγῷ,
1012 866 1054 906 πο
1045 832 1160 906 ὅσιόν
1178 869 1219 908 τε

118 933 171 1000 ani
189 930 313 1002 πιστδν
330 937 410 1003 εἶναι
432 964 472 1003 τι
493 929 646 1003 scieura
669 933 843 1025 ἐγνῶσθαι·
871 949 966 1001 tanta
989 949 1121 1023 tamquo
1131 962 1220 1024 prcc-

119 1035 215 1097 cloro
231 1056 282 1099 ros
296 1046 342 1100 est
357 1037 395 1098 ia
417 1037 566 1100 omnibus
582 1037 725 1120 quidem,
749 1037 805 1101 sed
819 1039 990 1121 precipuo
1012 1039 1048 1100 in
1067 1039 1218 1114 ducibus,

119 1154 153 1196 re
155 1133 285 1216 lipioaie
307 1144 339 1197 et
354 1135 435 1216 fidei
457 1135 659 1200 observantes
676 1156 741 1200 esse
765 1146 865 1220 etque
888 1136 1012 1200 iuberi.
1063 1135 1219 1202 Aristides

119 1230 282 1296 Leuctrica
308 1243 440 1316 quarta:
468 1228 503 1299 ἒν
532 1231 641 1328 εἱρηνη
670 1262 723 1301 και
715 1225 904 1304 σπονδαῖς
931 1227 1082 1310 μάλιστα
1111 1234 1142 1300 oi
1171 1264 1217 1303 πα
1208 1231 1323 1343 &ffl-

117 1321 221 1396 δίκαια
239 1333 343 1398 ποιεῖν
359 1326 553 1415 βουλόμενοι
568 1333 742 1424 κρίνονται·
767 1336 805 1395 in
818 1354 902 1417 poce
919 1333 1063 1418 aliisque
1073 1334 1219 1418 publicio

118 1430 384 1495 conventionibus
409 1433 579 1496 οονναοάἱε
607 1436 747 1496 manime
780 1443 968 1518 spectantur
1000 1433 1058 1516 qui
1076 1435 1219 1513 justitior

117 1529 272 1591 student:
289 1535 324 1593 ut
340 1528 420 1592 enim
437 1538 523 1594 recte
541 1528 619 1595 dixit
637 1529 746 1594 Cicero
763 1531 803 1594 de
819 1531 960 1595 Finibus
977 1529 1105 1614 quinto:
1129 1553 1218 1598 nemo
1231 1546 1315 1596 cano·

117 1638 164 1691 est
181 1628 237 1708 qai
251 1648 317 1691 oon
329 1629 415 1693 lianc
429 1630 628 1713 affectionem
643 1631 750 1693 animi
764 1630 879 1713 probet
892 1640 991 1711 atque
1009 1630 1131 1704 laudet,
1151 1652 1217 1712 qao

117 1747 181 1789 non
205 1727 297 1790 modo
324 1727 459 1793 utilitas
488 1729 588 1793 acillo
615 1730 783 1812 quaritur,
811 1730 867 1793 sed
898 1740 1010 1792 contro
1039 1728 1219 1796 utilitatem

117 1826 214 1887 etiam
232 1834 448 1890 conservator
457 1828 550 1910 fides.

189 1924 209 1987 2
241 1923 370 1990 Publica
391 1925 478 2000 fides,
497 1933 533 1991 ut
553 1922 636 2012 apud
659 1930 780 2011 patrem
802 1930 849 1989 est
873 1921 1107 2006 Quintilianum,
1134 1925 1218 1993 inter
1231 1943 1336 1989 neuun

117 2030 254 2086 armatos
278 2024 383 2089 hostes
401 2023 540 2090 inducias
560 2023 644 2099 facit,
670 2023 845 2088 deditarum
869 2022 1028 2089 civitatum
1047 2024 1122 2111 jura
1147 2047 1218 2091 eon·

117 2127 230 2185 servet.
279 2122 372 2208 Apud
393 2123 525 2188 eundem
546 2121 639 2188 alibi:
655 2125 741 2206 fides
759 2144 947 2208 supremum
969 2145 1083 2188 rerum
1105 2127 1218 2189 Ιιιιοια-
1231 2137 1336 2176 ”otw-

117 2241 238 2284 αανιιοι
256 2222 425 2285 vinculum
443 2235 510 2288 est.-
535 2244 633 2288 sacro
652 2224 727 2288 laus
743 2223 827 2305 fidei
843 2225 928 2287 inter
951 2224 1063 2288 hostes.
1117 2223 1167 2289 Sic
1185 2233 1219 2290 et

119 2317 318 2383 Ambrosius.
347 2321 446 2402 liquet
471 2323 575 2406 ipitor
600 2323 699 2386 etiam
721 2323 759 2384 in
780 2321 842 2385 bell
841 2342 859 2384 ο
875 2323 979 2408 fldem
1004 2335 1033 2387 et
1048 2323 1217 2406 justitiam
1230 2342 1275 2381 Lis
1284 2342 1305 2382 1¹
1314 2345 1343 2384 se

118 2418 246 2481 secari
262 2431 414 2504 oportere.
454 2412 748 2508 EtbAugustinus:
760 2422 844 2502 Jides
859 2423 989 2505 quoodo
998 2426 1216 2506 promittitur,
1231 2391 1297 2482 goa
1307 2444 1348 2481 ιω

119 2517 218 2580 etiam
239 2518 324 2583 hosti
340 2521 500 2584 sercoisdo
517 2532 563 2586 est
583 2530 698 2584 contra
714 2541 806 2603 qoem
828 2519 944 2584 bellum
958 2524 1103 2605 peritur:
1130 2523 1217 2588 nimi·
1269 2490 1338 2538 m

118 2637 187 2678 rum
202 2615 307 2681 hostes
324 2616 377 2702 qui
395 2626 476 2693 sunt,
502 2617 642 2682 homines
659 2637 725 2681 esse
742 2637 804 2681 non
822 2616 974 2682 desinunt.
1015 2619 1063 2684 At
1079 2621 1218 2686 homines

118 2734 232 2791 omnes,
255 2715 308 2800 qui
328 2716 369 2780 ad
395 2716 523 2782 rationis
544 2736 633 2780 usum
655 2722 874 2800 pervenerunt,
898 2737 1027 2801 capaces
1047 2727 1119 2782 sunt
1136 2718 1218 2803 juris

118 2833 158 2876 ex
180 2813 339 2899 promisso.
394 2815 540 2880 Camillus
564 2813 649 2899 apud
670 2812 791 2877 Livium
812 2812 867 2888 ait,
893 2815 959 2878 sibi
979 2836 1051 2879 cum
1068 2818 1217 2884 Faliscis
1230 2839 1304 2880 suso.
1316 2841 1347 2884 α.

118 2934 189 2977 eom
206 2936 270 2979 esso
286 2915 478 2989 societatem,
493 2935 589 2999 quom
607 2914 808 2996 iopeuerooit
822 2924 956 2975 reaturo.

190 3014 211 3076 3
241 3014 292 3077 Ex
306 3012 365 3077 hec
382 3021 486 3077 autem
503 3011 649 3077 societate
665 3008 794 3075 rationis
809 3018 842 3076 et
858 3009 1007 3075 sermonis
1023 3011 1162 3080 nascitur
1179 3037 1218 3083 ee

160 3209 171 3236 ¹
185 3200 251 3248 Inter
266 3198 328 3247 dello
337 3195 425 3260 fidem]
441 3199 574 3246 Archelaus
588 3199 643 3260 phi·
691 3195 733 3243 dat
753 3196 823 3258 hujus
843 3196 938 3243 virtutis
958 3197 1054 3246 nomine
1074 3200 1217 3252 Africanum

117 3276 230 3336 losophus
245 3276 310 3335 spud
325 3274 463 3335 Appianum
483 3274 594 3321 Cicilium
607 3287 643 3322 lv.
691 3274 806 3319 minorem
817 3274 938 3320 Diodorus
950 3275 1217 3340 SiculusinEaecesptis

117 3349 224 3396 moveos
243 3350 286 3395 ieri
309 3355 365 3395 wis
390 3349 473 3408 ὅρκοις
499 3350 642 3406 ἐσπένδετε,
690 3349 858 3396 Peiresciam's.
884 3349 1035 3409 (Peneos)

117 3425 157 3470 uni
171 3424 253 3484 διξιιίι
268 3423 389 3483 ἆτίθασθι,
405 3425 432 3471 οἳ
445 3424 486 3471 καὶ
501 3423 572 3483 παριὶ
587 3430 643 3471 τοῖο
735 3422 915 3482 δΑιιᾳιιιιὶιιιιι]
937 3424 985 3477 Qui
1001 3424 1065 3470 idem
1084 3438 1214 3485 agumen-

116 3497 641 3559 voluptastextumvsederajsraotsme·
689 3501 741 3543 tum
757 3497 806 3541 lato
821 3500 911 3541 timot
926 3497 1027 3554 epistole
1042 3509 1137 3545 cous.
1150 3500 1217 3560 (126.

116 3572 186 3617 distis
200 3572 316 3627 dumos,
333 3586 383 3631 qua
399 3573 470 3618 αἱαιιι
490 3572 551 3617 ister
566 3571 642 3616 hostes
689 3572 819 3618 seeundum
830 3584 919 3616 novem
929 3571 1092 3632 divisionem.)

117 3646 201 3690 volent
219 3645 291 3703 (rag.
303 3645 354 3691 628.
362 3644 413 3690 Ed.
424 3644 458 3691 Η.
470 3643 561 3703 Sccph.)
577 3644 641 3689 Leu-

117 3890 216 3948 armed
232 3890 364 3956 enemies,
385 3888 441 3945 end
460 3907 604 3964 preserved
622 3890 671 3947 the
686 3891 775 3966 rights
794 3893 827 3950 oi
846 3895 1032 3953 surrendered
1053 3899 1141 3956 citios.
1189 3903 1217 3958 lt

117 3980 140 4034 is
155 3978 205 4032 the
219 3993 350 4049 supreme
371 3977 419 4041 tie,
441 3993 471 4032 as
486 3976 523 4032 he
538 3977 689 4034 elsewhere
711 3997 781 4051 says.
821 3981 859 4036 So
872 3981 1026 4048 Ambroses
1048 3983 1213 4056 Augustius.

117 4066 151 4119 In
172 4064 239 4128 fact,
254 4062 335 4118 those
353 4063 414 4117 who
427 4079 476 4117 are
490 4064 612 4119 enemies
625 4064 661 4119 do
674 4071 725 4120 not
737 4083 816 4121 cesse
828 4073 859 4121 to
873 4067 909 4122 be
920 4084 1001 4122 men:
1025 4070 1077 4123 but
1091 4071 1130 4124 sll
1148 4088 1216 4126 men

117 4148 193 4218 (who
213 4149 284 4204 have
304 4149 354 4203 the
376 4147 480 4203 uscos
499 4147 612 4214 reason)
634 4166 682 4204 ero
706 4151 822 4222 capable
844 4151 878 4207 oi
896 4151 1000 4222 hssing
1019 4153 1109 4224 rights
1131 4157 1216 4226 gisen

116 4238 195 4292 them
215 4237 253 4306 by
275 4234 406 4307 promise.
452 4234 491 4288 So
511 4233 645 4289 Camillus
661 4236 691 4289 in
707 4236 786 4306 Livy.

176 4328 192 4377 3
224 4321 283 4377 Out
307 4320 341 4376 of
355 4319 405 4376 the
426 4336 557 4376 common
574 4336 625 4375 use
647 4319 680 4376 oi
697 4337 798 4376 reason
819 4320 876 4376 end
893 4322 1040 4396 languege‚
1059 4325 1144 4380 srises
1167 4327 1216 4382 the

117 4409 272 4480 obligation
293 4407 365 4463 from
384 4407 515 4478 premiis,
535 4406 568 4463 of
583 4405 672 4463 which
687 4423 728 4465 we
747 4407 843 4480 spesi.
880 4409 943 4465 Nor
958 4427 1006 4467 are
1021 4427 1062 4468 we
1083 4417 1113 4467 to
1134 4411 1223 4475 think¹
