2986 5048
116 262 264 336 Car.IV.]
304 268 429 324 BELLO
453 268 630 332 SOLENNI,
652 269 701 322 ΕΤ
724 267 814 322 ALIA
836 269 878 322 VI
900 270 943 322 IN
966 269 1126 324 CORPUS.
1180 260 1221 324 'r'3

116 437 239 500 ditores
256 435 365 498 dividi
383 435 484 499 licuit.
536 436 595 497 Est
611 442 715 498 sutem
733 433 800 498 haec
818 432 899 497 vocis
923 435 1017 499 licere
1039 432 1220 521 significatio

116 534 219 598 minus
234 533 370 619 propria,
385 543 420 598 ιιι
435 543 520 599 recte
537 543 625 599 notat
643 533 752 597 Cicero
774 534 1038 598 Tusculanarum
1056 532 1164 619 quinta
1181 533 1220 597 de
1233 546 1319 595 conw-

119 633 220 698 Cinna
235 631 382 718 loquens:
399 635 482 697 mibi
497 646 612 699 contro
628 655 693 697 uon
709 635 809 698 soltem
828 656 863 698 eo
880 635 1009 697 uidetur
1025 635 1123 697 miser
1135 635 1222 718 quinci

117 755 158 798 ea
165 733 261 816 fecit
276 734 333 797 sed
348 735 446 797 etium
463 735 550 818 quod
570 735 622 797 ita
638 754 672 797 oe
686 735 785 816 nescit
802 744 840 796 ut
858 755 897 797 ea
906 736 1022 818 fucere
1039 735 1069 798 ci
1090 734 1221 797 liceret:

117 833 179 897 etei
193 852 332 916 peccare
354 834 479 896 nemini
497 833 582 908 licet,
608 834 666 896 secl
685 834 841 897 ammonia
861 854 969 897 errore
992 832 1158 898 labimur:
1183 833 1222 895 nl

116 933 201 996 mim
219 931 476 1009 merainimus,
495 934 581 1016 quod
597 933 711 1016 cuique
726 933 935 996 conceditur:
962 940 1089 1017 recepta
1105 941 1220 1006 ιιιιιοιι,

115 1040 151 1095 ut
176 1051 245 1094 cum
270 1028 353 1094 idem
378 1030 486 1094 Cicero
510 1052 568 1116 pro
593 1029 723 1095 Rabirio
746 1030 916 1096 Posthumo
935 1030 1055 1116 judicos
1079 1030 1122 1096 sic
1146 1030 1220 1095 allo-

116 1128 239 1214 quitur:
266 1131 351 1215 quid
367 1131 478 1195 deceat
494 1152 559 1205 voa,
581 1152 646 1195 ιιοιι
668 1142 825 1215 quantum
843 1131 940 1195 liccat
960 1133 1059 1206 vobis,
1074 1143 1220 1216 spectare
1232 1153 1306 1202 cmo

116 1231 256 1295 debetis:
279 1230 310 1295 si
327 1231 413 1294 cuim
429 1231 515 1315 quod
533 1230 630 1295 liceat
646 1231 804 1314 quoeritis,
821 1233 959 1314 potestis
976 1231 1118 1296 tollcree
1140 1232 1220 1295 civi-

118 1341 184 1393 tate
208 1351 302 1413 quem
327 1329 437 1393 νιιιιίι.
490 1327 542 1394 Sic
568 1328 696 1416 regibus
721 1327 866 1394 dicuntur
892 1329 995 1395 omnia
1026 1329 1121 1395 licere
1147 1328 1220 1415 quia

116 1435 188 1492 sunt
209 1422 427 1505 ἀνυπεύθυνοι,
449 1431 566 1494 exemti
588 1451 610 1493 ο
623 1429 729 1512 poenia
749 1430 910 1505 humanis,
928 1438 964 1495 ut
980 1428 1054 1495 alibi
1076 1428 1218 1495 diximus

117 1528 294 1615 Atragem,
311 1527 377 1593 sive
395 1528 622 1613 Imperatorem
642 1526 811 1591 informans
834 1527 1023 1593 Claudianus
1037 1537 1123 1594 recte
1138 1528 1202 1594 ait:
1232 1541 1308 1627 ἤνιος
1319 1542 1378 1631 ξυςᾶ

333 1648 395 1702 Noc
409 1648 461 1702 tibi
475 1647 543 1718 quid
558 1647 652 1711 liceat,
666 1647 717 1700 aod
732 1646 800 1716 quid
815 1646 913 1702 facisse
928 1646 1040 1702 decebit

335 1734 479 1788 Occurrat.

119 1832 166 1899 Et
181 1812 344 1898 Musonius
361 1832 491 1921 castigat
507 1853 617 1921 rogos:
643 1828 685 1912 wi
703 1828 745 1898 mi
769 1826 896 1912 καθήκει
920 1862 972 1909 μοι
991 1827 1107 1922 λέγειν
1123 1861 1218 1913 μεμε·
1232 1841 1359 1927 ωξῗςῗ

119 1928 276 2012 anxium,
304 1927 394 2000 ἄλλοι
420 1927 463 1998 mi
488 1925 605 2019 ἔξεστί
627 1960 693 2008 μοι,
721 1934 779 2017 qui
803 1934 840 1995 in
864 1953 951 1997 more
973 1934 1091 1998 tabem
1114 1935 1302 1999 dicerem

118 2033 178 2097 boc
193 2034 277 2097 mibi
294 2033 376 2110 licet,
392 2054 456 2097 nou
470 2033 529 2097 lroc
546 2053 595 2095 me
612 2033 707 2098 decet.

113 2185 249 2244 probibeat,
265 2185 308 2232 sod
321 2199 368 2231 nou
382 2184 463 2244 implet
478 2183 645 2230 excellentiori·
694 2183 753 2242 μέλι
763 2183 861 2244 ἄγριον,
871 2188 908 2246 τῷ
922 2183 969 2240 rain
978 2184 1099 2244 λαμπράν
1108 2201 1219 2243 παρατι-

117 2261 324 2322 Mmeuaaqelicce
330 2260 386 2306 ritae
387 2259 565 2320 profectionum
581 2258 645 2318 (Lib.
695 2258 785 2319 θεμένῳ
796 2262 837 2305 και
847 2261 983 2319 βασιλικήν
994 2260 1124 2320 τράπεζαν
1138 2262 1167 2319 ἐξ
1178 2263 1220 2307 ai-

118 2346 159 2381 su.
170 2349 222 2395 cap.
231 2336 271 2381 xii.
281 2337 400 2395 psg.548.
417 2333 467 2379 Ed.
481 2332 571 2391 oxon.)
696 2334 793 2381 θιντίαι
810 2335 981 2393 προστάττει,
1001 2338 1044 2383 οὐκ
1062 2335 1151 2396 ἔξεστι
1171 2354 1221 2382 σοι.

161 2407 647 2470 dPaqaaumeoajuqemliciterelioquere
695 2409 737 2454 καί
752 2426 793 2454 τοι
811 2409 889 2456 ἐδόκει
902 2412 1007 2469 βασιλεῖ
1016 2412 1102 2458 πάντα
1118 2412 1221 2470 ἐξεῖναι·

113 2490 199 2546 potest,
209 2485 313 2531 assensit
322 2481 482 2544 Amnestum]
498 2481 572 2528 Libro
583 2496 600 2529 1.
615 2483 646 2530 da
695 2484 734 2529 lu'c
747 2485 790 2544 qui
802 2484 928 2530 tuborum
942 2488 1099 2532 cacuminibus
1114 2485 1221 2532 vesceba-

117 2558 258 2605 adultarinis
267 2558 385 2619 conjugiis
395 2557 425 2602 ad
436 2555 583 2601 Pollentiam
593 2569 645 2616 cap.
695 2563 735 2604 tur
743 2565 765 2605 et
772 2559 831 2619 sero
845 2561 918 2616 melle,
935 2560 973 2606 illi
988 2561 1136 2620 splendidam
1151 2566 1174 2607 et
1184 2575 1221 2606 re·

118 2637 155 2680 14.
172 2639 197 2681 et
212 2636 251 2680 18.
267 2647 297 2679 ex
312 2633 400 2692 quibua
414 2630 473 2676 locis
488 2630 565 2676 multa
580 2635 646 2676 tran·
694 2634 759 2693 qiam
772 2648 874 2679 metuam
888 2634 934 2678 ribi
950 2649 1067 2694 opponere
1079 2635 1157 2690 solito,
1171 2649 1221 2680 rum

118 2710 213 2770 sempsit
239 2709 371 2757 Gratianus
393 2707 418 2752 in
447 2719 542 2752 causam
565 2705 645 2751 xxviii.
696 2710 836 2755 auctoritate
849 2708 928 2762 edicit,
942 2709 1051 2754 nonlicet
1064 2710 1114 2754 ιιιι.
1146 2709 1222 2768 Atqui

118 2792 202 2847 quast
213 2789 236 2833 1.
695 2784 804 2829 videntur
819 2784 870 2844 reqr'
886 2782 966 2828 omnia
982 2783 1060 2830 licere.
1091 2782 1174 2841 (Toni.
1187 2797 1222 2830 vr.

163 2860 263 2908 satias
280 2873 336 2905 acro
352 2858 423 2904 licere
439 2856 535 2917 aliquid
549 2857 646 2911 dicitur,
696 2858 830 2917 pog.808.)
860 2858 997 2903 Columella
1012 2857 1153 2917 praelatione
1167 2859 1223 2904 libri

118 2934 319 2996 nonquodrairu
327 2933 417 2993 pietate
430 2932 594 2993 etoffiriorum
609 2945 647 2977 re·
696 2945 743 2978 ιιι.
774 2932 825 2978 Nec
844 2946 900 2978 sune
921 2937 955 2978 ert
974 2933 1140 2978 uindicandum
1157 2933 1224 2979 nobis

119 3009 246 3073 muliafieri
253 3014 336 3069 potest,
346 3007 387 3054 red
396 3007 460 3067 quod
468 3007 536 3066 apud
545 3006 648 3052 homines
696 3008 810 3068 quicquid
818 3009 888 3054 licet:
900 3022 955 3054 nam
963 3007 1121 3065 mmmumjus
1131 3009 1224 3069 antiqui

115 3099 190 3146 poena
205 3098 251 3129 ιιοιι
266 3080 378 3141 amarer]
394 3082 558 3128 Tertullianus
569 3081 593 3126 in
604 3095 647 3127 ax-
692 3083 812 3143 putabant
820 3097 932 3128 summum
942 3096 1039 3130 crucem.
1063 3084 1223 3145 Hieronymus

120 3158 258 3206 hortationa
272 3158 303 3203 ad
318 3156 464 3203 castitatum:
485 3156 581 3202 licentia
595 3157 647 3216 ple·
697 3158 731 3204 od
746 3158 919 3204 Jooinianum:
936 3164 969 3205 ert
983 3174 1037 3206 vere
1049 3159 1093 3217 jue
1111 3174 1224 3206 summum

119 3231 507 3295 rumquetenlatioestdirriplinae.
528 3231 649 3292 (Cap.8.)
695 3248 786 3280 mmmm
797 3235 898 3281 mulitia.
930 3234 1018 3294 [Locus
1033 3236 1173 3282 Columella
1187 3241 1224 3283 est

120 3305 647 3367 Ibidemromaioliceot,rednouomuiopro
696 3308 750 3355 Lib.
762 3322 780 3354 ι.
796 3323 849 3368 cap.
860 3309 881 3356 7.
913 3309 1053 3369 Hieronymi
1067 3315 1156 3366 autem,
1175 3324 1223 3355 non

119 3386 202 3433 roiate.
239 3385 425 3446 chrysostomus
451 3380 480 3426 de
505 3382 647 3430 Punitentia
697 3384 732 3429 ad
750 3383 912 3439 ΙΙονιίιίοιιιινι,
936 3384 978 3428 aed
1003 3384 1038 3428 ad
1055 3385 1223 3442 Innocentium,

120 3474 177 3508 vlu.
194 3460 321 3521 turpiter
336 3459 365 3505 lx
377 3458 493 3517 βοτανῶν
508 3457 596 3504 ἐσθίων
606 3458 647 3504 και
697 3458 925 3516 Tom.1.pag.236.
956 3456 1037 3516 J.B.J

120 3674 169 3729 the
177 3676 333 3747 Egyptians
345 3676 401 3729 and
412 3675 665 3739 Lacodaemonians,
676 3674 751 3729 thcft
763 3675 830 3728 also.
859 3673 897 3727 So
910 3670 959 3726 tho
969 3669 1045 3742 right
1057 3669 1090 3725 of
1097 3669 1223 3743 dividing
1257 3694 1259 3699 ¹

119 3759 169 3814 tha
184 3761 306 3815 deutoro
321 3761 396 3833 body
411 3780 466 3817 was
481 3762 575 3816 luwful
590 3762 628 3833 by
643 3761 692 3817 tho
707 3761 805 3816 twelvo
823 3759 933 3814 Tables.
980 3759 1037 3812 But
1057 3757 1112 3812 this
1128 3774 1177 3812 uso
1193 3758 1227 3813 of

120 3846 171 3899 tho
185 3846 262 3899 word
278 3847 361 3912 licere,
375 3854 405 3902 to
423 3849 460 3903 ba
477 3849 581 3913 lawful,
599 3849 622 3901 is
637 3847 692 3902 less
711 3863 822 3920 proper,
840 3863 871 3900 aa
887 3845 984 3900 Cicero
1003 3862 1081 3916 says:
1101 3844 1122 3898 it
1137 3846 1161 3898 io
1177 3854 1224 3898 not

121 3931 220 4003 luufful
237 3941 264 3985 ιο
282 3935 387 3987 οοιιιοιὶι
405 3953 424 3988 ο
441 3935 492 3998 sin,
512 3936 558 3988 but
577 3951 615 3988 wc
634 3952 682 3987 arc
701 3935 816 3987 ‹leccioed
835 3935 868 4003 by
890 3950 929 3984 uo
947 3949 1087 3984 moncons
1103 3931 1223 4000 phrases

111 4020 167 4090 sor
181 4035 219 4072 wa
229 4036 280 4089 say
294 4019 351 4073 tint
362 4020 385 4074 is
398 4021 495 4094 lnwsul
506 4021 589 4074 wirici
604 4020 627 4072 ia
640 4020 751 4073 allowed
763 4021 796 4088 by
808 4019 877 4070 low:
899 4015 955 4070 and
970 4016 1000 4067 in
1012 4015 1131 4069 another
1142 4014 1224 4083 placo

119 4103 156 4158 ho
170 4120 234 4174 says
248 4111 278 4160 to
289 4104 339 4160 the
350 4106 460 4177 judges,
473 4125 528 4177 you
543 4123 590 4159 arc
600 4113 647 4157 not
661 4114 686 4157 ιο
698 4105 817 4157 consider
828 4103 900 4154 what
911 4102 933 4154 is
949 4099 1047 4169 lowsul
1061 4116 1093 4152 or
1104 4099 1225 4161 alioued,

119 4192 166 4244 but
188 4193 261 4245 wint
284 4192 308 4245 ia
333 4193 497 4247 decantanti
515 4208 626 4264 proper.
665 4190 751 4242 Solo
771 4187 852 4256 kings
872 4184 934 4237 who
955 4200 1003 4237 are
1027 4182 1225 4255 irresponaible

120 4275 285 4349 orerything
300 4278 323 4332 is
338 4279 398 4333 said
413 4285 444 4334 ιο
459 4278 495 4333 bc
510 4276 616 4351 lowsul.
654 4274 710 4328 But
731 4271 867 4328 claudian
878 4268 983 4340 rightly
997 4285 1059 4340 says
1075 4274 1105 4324 to
1120 4268 1225 4341 aking,

123 4362 184 4416 Yon
198 4381 247 4418 are
260 4374 307 4418 ιιοι
321 4373 348 4418 ιο
360 4366 480 4420 consider
496 4365 568 4417 ιοιιοι
584 4363 607 4417 ia
624 4360 729 4433 iawsul,
745 4362 790 4414 but
802 4358 874 4413 ιοιιοι
886 4357 996 4411 becomes
1005 4374 1068 4428 you.
1114 4355 1178 4411 And
1193 4374 1225 4412 ao

119 4448 274 4504 Musonius.
