2986 5048
120 270 188 324 Can.
203 264 268 338 lu]
315 271 368 324 DE
391 270 488 324 JURE
512 268 806 323 INTERFICIENDI
829 269 987 334 IlOSTES,
1010 270 1091 324 ETO.
1180 261 1220 326 ‘ll

119 432 237 499 Martio
259 443 292 500 et
317 432 445 500 ulterius
465 435 504 499 ab
522 432 694 518 AEquieolis
718 432 867 519 petiisset,
890 433 933 498 sic
953 433 1017 498 ait:
1045 437 1076 500 si
1092 437 1222 520 qnando

120 536 264 600 homines
290 547 348 600 aut
365 535 529 599 animalia
554 534 596 598 ob
617 533 734 618 aliqua
748 546 840 617 gente
861 546 963 619 rapta
980 547 1080 600 essert
1101 535 1223 618 papale

121 636 280 710 Romano,
305 634 573 718 confinalibus,
598 634 708 708 idest,
732 634 962 708 sacerdotibus,
985 636 1043 719 qni
1053 635 1224 718 faciendis

116 745 268 818 proesnnt
280 734 460 819 fideribns,
480 733 749 818 proficiscebatur
771 735 871 797 etiam
885 745 986 817 pater
1001 745 1175 818 patratus,
1193 745 1223 798 et

120 844 197 896 ante
206 835 289 915 fines
300 845 392 898 stans
408 833 505 897 clara
517 853 591 898 voce
606 833 735 898 dicebat
753 832 828 896 belli
840 854 984 908 cansam,
1001 844 1031 898 et
1043 833 1223 897 nolentibus

119 953 172 996 res
187 943 304 1016 captas
319 933 497 1008 restituere,
522 932 573 996 cel
595 943 740 996 auctores
761 932 893 1014 injuria
915 934 1054 1008 tradere,
1074 933 1223 1015 jaciebat

119 1031 259 1106 bartam,
286 1054 357 1117 qua
385 1053 437 1097 reo
466 1043 539 1096 erat
562 1053 683 1117 pagna
711 1033 925 1116 principiam,
951 1043 981 1096 et
1002 1032 1078 1115 jam
1105 1032 1222 1095 licebat

118 1151 205 1195 more
219 1131 295 1196 belli
315 1153 367 1197 res
389 1152 514 1216 rapere.
566 1131 649 1196 Ante
671 1139 775 1195 autem
799 1128 939 1195 dixerat:
965 1142 1083 1196 veteres
1109 1131 1223 1196 loedere

119 1251 170 1294 res
185 1251 302 1315 rapere
319 1232 478 1306 dicebant,
497 1232 627 1295 etiarnsi
643 1232 771 1315 rapina
783 1231 909 1294 nnllam
927 1232 1047 1295 crimen
1064 1232 1221 1306 existeret,

120 1329 273 1394 similiter
289 1331 483 1415 satisfacere
505 1351 558 1395 res
573 1331 705 1395 reddere
728 1331 884 1393 dicebant.
935 1328 1055 1406 Quibus
1075 1328 1223 1394 docemur

119 1425 192 1492 belli
213 1426 295 1493 inter
312 1428 390 1494 duos
407 1427 537 1515 populos
559 1449 706 1494 eorumve
727 1427 830 1515 capita
846 1426 955 1494 indicti
970 1428 1115 1494 ⁸effeetus
1132 1449 1222 1515 quos-

119 1525 191 1592 dam
208 1548 276 1593 esse
293 1527 446 1615 proprios,
472 1527 526 1614 qui
543 1527 657 1593 bellum
679 1549 718 1593 ex
742 1549 799 1592 sua
815 1537 929 1593 natura
945 1550 1007 1593 non
1029 1537 1221 1613 sequunturr

119 1626 203 1712 quod
227 1648 296 1693 cum
314 1627 352 1692 iis
377 1627 493 1715 optime
514 1626 658 1693 convenit
676 1648 746 1714 qnae
771 1648 810 1691 ex
829 1625 1057 1713 jurisconsultis
1073 1625 1223 1691 Romanis

119 1725 211 1791 modo
227 1725 394 1792 attulimus.

192 1825 236 1890 II.
269 1827 290 1891 l
318 1824 382 1891 Sed
396 1825 477 1911 qnod
495 1824 576 1892 dixit
592 1823 742 1914 Virgilius
760 1825 876 1902 licebit,
898 1825 1135 1911 videamusque
1151 1845 1223 1911 per-

121 1922 227 1989 tineat.
267 1923 428 1990 Interdum
445 1925 526 1991 enim
547 1924 642 1990 licere
661 1923 774 1991 dicitur
790 1924 824 1988 id
847 1925 930 2011 quod
946 1934 1065 1990 rectum
1082 1947 1123 1989 ex
1140 1924 1224 1988 omni

120 2031 212 2109 parte
233 2022 379 2110 piumque
396 2032 452 2104 est,
471 2023 590 2090 etiamsi
612 2023 695 2090 forte
716 2022 801 2089 aliud
818 2023 893 2109 quid
909 2023 978 2090 fieri
1000 2022 1097 2110 possit
1113 2022 1223 2088 lauda-

119 2121 219 2199 bilius,
237 2123 329 2209 quale
346 2130 393 2188 est
408 2122 485 2188 illud
503 2123 592 2189 Pauii
608 2122 758 2209 apostoli:
780 2119 892 2191 πάντα
909 2122 962 2205 μοὶ
979 2117 1123 2212 ἔξεστιν,
1141 2117 1221 2190 ἀλλ’
1236 2139 1301 2181 lcor·
1311 2140 1338 2181 a
1348 2140 1377 2180 12

119 2216 156 2288 ori
182 2218 293 2290 ariera
317 2217 492 2317 συμφέρει·
515 2225 626 2288 ornnia
652 2222 746 2306 (illius
762 2222 876 2288 scilieet
900 2223 1025 2312 generis
1042 2222 1128 2310 cujus
1148 2229 1222 2287 sunt

118 2320 160 2386 de
176 2320 287 2407 quibus
303 2343 400 2410 agere
416 2331 553 2409 coeperat
570 2330 602 2387 et
618 2331 743 2388 aeturus
759 2325 839 2407 erat)
859 2325 954 2389 licent
970 2324 1063 2399 mibi,
1086 2325 1142 2389 sed
1158 2344 1222 2387 nen

118 2424 229 2486 omnia
253 2423 435 2508 apodiant.
483 2421 535 2487 Sic
568 2413 660 2487 blica
688 2421 916 2487 matrimonium
943 2422 1138 2501 contrahere,
1166 2421 1222 2486 sed

117 2518 303 2587 laudabilior
329 2530 378 2588 est
398 2543 439 2587 ex
464 2520 515 2606 pio
545 2519 702 2607 proposito
729 2520 840 2586 eoelebs
863 2521 996 2597 castitas,
1023 2529 1059 2586 ut
1083 2521 1124 2585 ad
1150 2520 1222 2585 Pol·
1326 2567 1331 2575 .

116 2617 245 2685 lentium
273 2642 316 2687 ex
343 2620 452 2687 eodem
483 2621 631 2708 Apostolo
660 2619 784 2686 dbserit
813 2619 1016 2707 Augustinus.
1063 2620 1221 2704 Repetere
1234 2639 1343 2723 &suen

117 2737 240 2807 quoque
262 2719 387 2806 nuptias
409 2719 489 2796 lieet,
516 2719 572 2785 sed
591 2718 776 2784 laudabilius
801 2726 849 2782 est
871 2740 933 2783 uno
956 2725 1134 2783 contentum
1155 2685 1374 2782 essesesllHM

117 2884 219 2930 eundem
232 2884 286 2930 Lib.
297 2897 317 2932 1.
336 2882 371 2930 ud
383 2884 493 2931 Uxorem
525 2884 645 2945 Hierony·
695 2882 799 2943 virginer
816 2881 931 2941 Chanar,
948 2882 1008 2943 quia
1022 2887 1103 2943 aperite
1118 2882 1224 2930 tribuunt

117 2970 172 3005 mus
182 2959 296 3006 draus
304 2959 448 3016 Helvidium,
459 2959 574 3016 (Temni.
586 2971 644 3018 pag.
695 2957 760 3018 qnod
773 2957 820 3003 ribi
840 2973 886 3004 non
898 2959 986 3017 sanat
1006 2959 1153 3018 imperatum.
1184 2958 1225 3005 Aa

119 3034 157 3078 14.
175 3033 200 3078 in
215 3034 259 3081 fin.
275 3033 343 3079 Edit.
353 3033 444 3093 Baril.)
460 3033 529 3093 uirgo
545 3031 645 3090 majoris
694 3032 894 3081 Pammachium:
911 3047 1001 3094 semper
1015 3033 1122 3094 grandia
1135 3034 1161 3079 in
1176 3047 1223 3080 au-

119 3109 241 3154 macta
253 3107 479 3165 dumideontemait,
494 3107 558 3167 qnod
571 3108 594 3152 si
601 3107 643 3167 se-
694 3106 797 3153 dentiuin
817 3115 939 3168 murentur
962 3109 1074 3157 arbitrio.
1102 3109 1160 3158 Non
1179 3110 1223 3156 tibi

119 3181 244 3238 certam
257 3182 377 3243 delinqnit.
408 3182 530 3228 Adversus
549 3182 644 3228 Jovini·
694 3182 1223 3246 imponitnrnecesritnsutvoluntarproeminm

119 3270 190 3302 anana
199 3256 266 3317 (Lib.
272 3269 290 3304 1.
301 3254 442 3317 pogiis.)
452 3256 505 3302 ideo
510 3256 569 3316 plur
578 3260 644 3301 aaut
694 3263 857 3318 conregnatur.
878 3260 973 3320 (Epist.
984 3275 1041 3321 pag.
1049 3261 1100 3309 164.
1112 3261 1181 3308 Tem.
1190 3260 1223 3321 1.)

117 3513 189 3554 ware
205 3504 257 3553 not
276 3500 360 3570 giren
377 3500 416 3572 by
436 3502 612 3567 restoration,
631 3503 774 3572 declanng
797 3521 854 3558 war
873 3504 912 3576 by
929 3506 1068 3576 throwing
1091 3522 1108 3559 a
1128 3522 1217 3576 spear.

116 3584 231 3655 Rapere,
244 3590 274 3638 to
289 3602 399 3657 ravage,
413 3588 468 3641 and
480 3590 641 3659 satisfacere,
652 3596 683 3643 to
698 3576 812 3652 restore,
823 3606 896 3644 were
908 3591 997 3644 words
1012 3591 1045 3645 of
1054 3607 1072 3645 a
1083 3591 1222 3646 technical

116 3669 415 3741 comprehensireness.
460 3673 524 3727 And
539 3674 604 3729 thus
616 3691 657 3729 we
670 3674 748 3729 learn
763 3673 825 3728 that
841 3692 859 3729 a
876 3692 934 3730 war
947 3676 1077 3732 declarod
1095 3677 1222 3733 between

116 3762 171 3808 two
179 3756 301 3822 natione,
309 3773 342 3811 or
354 3757 428 3812 their
437 3756 533 3824 hands,
544 3758 594 3814 has
606 3762 713 3815 certain
722 3761 848 3832 peculias
858 3761 914 3817 and
926 3765 1106 3834 appropriate
1119 3766 1223 3830 effecte,

117 3839 208 3894 which
220 3838 257 3896 do
268 3848 319 3897 not
329 3842 425 3898 follow
436 3844 511 3899 from
523 3844 571 3900 the
582 3851 684 3901 nature
696 3848 730 3901 of
737 3864 794 3901 war
805 3848 895 3904 itself:
910 3850 966 3903 and
978 3851 1034 3906 this
1046 3868 1143 3924 agrees
1154 3851 1222 3906 with

117 3923 194 3979 what
208 3943 249 3981 we
259 3925 330 3984 huwe
342 3929 456 4001 already
470 3930 599 3985 ndduced
613 3932 688 3986 from
700 3932 749 3988 tha
763 3934 875 3989 Roman
889 3935 1012 4007 lawyers.

175 4010 214 4066 11.
252 4016 266 4067 1
291 4015 349 4069 But
358 4015 451 4088 Virgil
462 4016 522 4070 said
534 4018 626 4082 licebit,
640 4018 663 4072 it
676 4020 731 4072 will
742 4018 778 4073 be
791 4020 899 4084 lawfu13
914 4021 954 4075 let
968 4038 1001 4075 ns
1013 4036 1061 4076 see
1073 4020 1147 4075 what
1159 4019 1222 4075 that

116 4097 235 4169 irnplies.
281 4100 338 4154 For
355 4101 516 4158 sometimes
531 4105 589 4156 that
607 4102 629 4156 is
644 4104 704 4157 said
717 4108 747 4157 to
759 4103 795 4157 be
811 4105 904 4157 lawful
922 4104 1013 4159 which
1028 4107 1051 4159 is
1066 4121 1150 4175 every
1161 4121 1221 4177 way

115 4182 193 4254 right
210 4184 266 4239 and
281 4186 381 4258 pions;
396 4186 504 4258 though
520 4187 679 4259 something
693 4187 751 4241 eise
762 4187 852 4258 might
866 4188 903 4242 be
918 4187 991 4242 done
1004 4188 1092 4241 which
1105 4189 1129 4243 is
1143 4205 1222 4245 more

115 4268 263 4335 landable;
278 4287 309 4326 as
322 4273 357 4326 St
375 4273 445 4328 Paul
457 4290 529 4346 says,
543 4274 583 4327 att
597 4274 684 4343 things
696 4271 742 4338 (of
751 4289 769 4326 a
783 4273 890 4327 certain
904 4271 986 4340 kind)
1002 4290 1049 4327 are
1062 4272 1159 4345 tonsol
1167 4277 1222 4347 for

114 4371 164 4419 me,
179 4357 227 4410 bat
238 4356 279 4410 all
294 4358 381 4430 things
395 4377 443 4413 are
454 4369 500 4414 not
518 4359 659 4431 inpedient.
707 4357 785 4413 Thus
798 4358 823 4413 it
837 4359 860 4413 is
877 4357 972 4412 iawfui
990 4366 1020 4414 to
1031 4376 1136 4433 marry,
1151 4378 1222 4418 eren

114 4438 200 4497 when
214 4441 342 4517 celibacy
354 4444 378 4500 is
392 4443 504 4510 better3
522 4446 545 4500 it
558 4447 582 4500 is
596 4445 692 4500 lawful
709 4451 739 4500 to
755 4462 849 4518 marry
863 4462 881 4500 a
898 4446 1002 4501 second
1017 4447 1094 4511 time,
1113 4448 1221 4521 though
