2986 5048
120 304 189 360 cnr.
204 303 299 372 ΚΝ]
344 306 699 363 TEMPERAMENTUM
721 307 836 364 elnon
858 306 1014 364 CAPTOS.
1161 299 1222 361 261

116 473 329 562 Augustinus·
356 475 545 539 Domestica
562 496 636 557 pan
659 496 682 537 a
699 474 803 558 justis
819 477 976 559 patribus
998 478 1050 540 ita
1073 475 1150 540 olim
1169 477 1228 539 ad·
1239 491 1287 548 Lib.
1242 493 1378 586 cumippo

117 576 312 639 ministrata
335 575 650 646 renumerandum
670 574 738 639 hac
758 576 954 659 temporalia
977 575 1060 640 bona
1074 540 1258 663 filiorumc
1239 596 1255 624 ι·-
1269 586 1323 624 ῑᾶ

117 685 235 740 sortem
248 694 271 735 a
287 693 451 737 amanam
466 673 652 736 seruditione
668 674 916 756 distinqnerent
932 676 979 738 ad
994 676 1102 739 Deam
1117 686 1226 739 annm

117 773 286 838 colendam
307 771 458 835 omnibus
478 772 593 835 domus
609 793 676 835 saa
694 773 846 836 membris
861 795 945 856 pare
939 774 1133 838 dilectione
1154 795 1226 838 con·

117 871 281 936 calerent:
313 871 399 951 qnod
432 870 601 934 naturalis
631 872 710 934 ordo
740 873 790 935 ita
815 873 1014 956 prescribit,
1045 884 1082 937 ut
1114 894 1227 938 nomen

113 969 381 1055 patrisfamilias
406 969 486 1033 leina
506 980 652 1033 emortum
673 971 725 1044 sit,
749 982 779 1034 et
802 982 869 1034 tam
894 972 959 1036 late
979 973 1160 1055 culpatam,
1186 982 1226 1035 nt

119 1069 235 1153 inique
256 1069 357 1133 etiam
379 1068 583 1132 dominantes
608 1069 667 1133 boa
688 1071 907 1152 rependeant
930 1071 1105 1157 appellari.
1161 1071 1227 1145 Qut

118 1179 229 1232 autem
254 1168 325 1232 ueri
346 1167 615 1249 patresfamilias
640 1179 725 1242 sant,
754 1170 904 1232 omnibus
930 1171 968 1233 in
981 1170 1128 1253 familia
1152 1189 1224 1244 sua,

120 1277 283 1351 tanquam
287 1266 382 1348 filiis,
396 1265 443 1328 ad
454 1265 623 1329 colendam
632 1276 662 1330 et
664 1268 917 1350 promerandam
926 1269 1033 1332 Deam
1045 1268 1225 1332 consulant.

197 1366 219 1427 3
251 1362 388 1429 Similem
404 1361 552 1449 pietatem
568 1362 600 1427 in
617 1385 692 1430 voce
714 1384 891 1450 puerorum,
909 1386 972 1451 qua
987 1387 1093 1431 servos
1108 1364 1224 1453 signifi-

120 1461 244 1538 cabant,
274 1461 436 1527 annotavit
463 1460 592 1527 Servius
617 1462 675 1528 ⁴ad
702 1462 778 1528 illud
801 1464 958 1529 Maronis:
987 1465 1132 1530 claudite
1148 1465 1223 1548 jam

120 1563 219 1638 sivos,
253 1563 371 1646 pueri3
405 1582 463 1626 neo
497 1559 644 1627 dissimile
677 1562 760 1647 quad
797 1562 995 1628 Heracleotae
1027 1584 1135 1629 serres
1167 1585 1223 1628 suo

120 1659 347 1747 Mariandynos
373 1652 621 1753 111δορυφόρους,
647 1659 680 1726 id
705 1670 762 1737 est,
785 1664 987 1738 donatarioe,
1014 1662 1224 1748 appellabant,

120 1757 336 1853 ἀφαιροῦντες
360 1754 403 1826 ri
425 1759 541 1851 πικρὸν
563 1762 624 1839 τῆς
646 1763 888 1852 προσηγορίας,
907 1774 1081 1846 parcentes
1101 1763 1224 1826 acerbi·

121 1862 186 1924 tati
202 1861 352 1934 nominis,
368 1866 405 1923 ut
419 1857 460 1923 ad
478 1857 721 1945 Aristophanem
739 1870 829 1924 vetus
850 1860 1005 1947 interpres
1026 1860 1223 1926 Callistratus

119 1958 258 2024 notabat.
311 1957 435 2022 Laudat
466 1957 638 2023 Germanos
666 1957 800 2035 Tacitus,
826 1959 937 2045 quibus
963 1958 1045 2024 servi
1074 1967 1221 2045 tanquam
1239 1986 1307 2024 aaa.
1315 1985 1369 2024 aa

119 2057 218 2123 coloni
242 2055 451 2122 habebantur.
502 2056 668 2121 Theano'
660 2079 692 2121 ιιι
719 2055 867 2143 epistola·
900 2050 1004 2125 irrata
1027 2061 1147 2180 χρῆσις
1170 2056 1222 2124 ira
1236 2084 1278 2131 na.
1273 2083 1384 2166 apuria

120 2152 208 2237 μήτε
225 2148 334 2223 cleri
294 2185 354 2222 roo
366 2151 470 2222 κόπον
484 2148 639 2232 ndntaar,
657 2152 741 2238 μήτε
753 2148 933 2224 adunandae
948 2151 1055 2225 leci
1012 2186 1074 2237 την
1091 2149 1222 2225 evictas
1214 2132 1388 2223 gfff-moa

112 2258 224 2340 justas
240 2256 481 2339 mancipiorum
496 2256 549 2318 tic
566 2268 612 2320 cst
624 2278 711 2332 asne,
729 2268 766 2320 nt
778 2277 838 2322 nec
848 2279 923 2341 pra
941 2258 1050 2322 labore
1062 2258 1224 2340 dejiciam,

121 2376 182 2421 nea
194 2376 257 2439 per
273 2365 443 2437 apostatem
460 2355 605 2438 impares
620 2357 845 2439 sintferendo.

193 2453 252 2518 Vl.
294 2455 312 2517 1
348 2453 410 2515 Pro
432 2472 529 2537 opera
546 2462 581 2518 ut
604 2452 738 2518 diximus
761 2455 932 2521 nalimenta
947 2476 1039 2520 servo
1061 2455 1224 2521 debentur.

121 2555 245 2627 Servis,
269 2549 314 2617 ait
335 2550 453 2633 Cicero,
474 2573 538 2617 non
555 2552 640 2618 male
656 2557 861 2639 praecipiant
878 2557 937 2640 qni
960 2558 1011 2619 ita
1028 2555 1145 2637 jubent
1162 2558 1225 2632 ati,
1240 2572 1390 2624 mone-¹³²

120 2727 231 2786 gnstinns
248 2726 277 2773 de
291 2725 403 2773 Moritur
416 2726 533 2773 Ecclesia
550 2725 649 2773 Cuttol·
698 2726 762 2772 hunc
779 2739 882 2779 versum,
901 2726 942 2785 qui
960 2731 998 2772 est
1013 2727 1113 2773 ultimus
1127 2727 1226 2786 Ecloga

119 2800 240 2848 narso.
274 2802 311 2847 Tu
326 2801 428 2847 dominis
443 2816 522 2848 seruos
538 2815 585 2845 non
601 2806 650 2846 tarn
698 2814 739 2846 ιιι.
770 2800 824 2845 Ηοο
843 2804 938 2845 tantum
958 2800 1015 2845 alibi
1037 2799 1109 2859 lego:
1141 2801 1227 2847 Utnun

121 2875 261 2922 minoas
270 2875 405 2921 recantare
411 2874 649 2936 quamofficiidetec·
698 2889 754 2935 erqo
770 2879 837 2921 atate
853 2886 962 2931 rennos,
979 2889 1012 2920 an
1028 2879 1054 2919 nt
1070 2875 1190 2921 mannos
1204 2880 1227 2923 et

120 2951 210 2997 tatione
229 2949 297 2996 doces
316 2949 444 2995 adterere.
488 2950 524 2995 fu
544 2949 650 2994 dominos
690 2950 834 3010 semitiora
850 2951 951 2996 soleam
963 2950 1113 2996 communiter
1124 2963 1226 2997 suanos

120 3025 203 3082 mais,
215 3025 298 3071 mmai
308 3024 358 3070 Dei
367 3025 457 3071 scilicet
467 3024 593 3071 communis
607 3024 649 3069 do·
698 3022 803 3071 vocure?
833 3024 1124 3084 lnEclog.v1.vers.14.
1154 3025 1225 3074 J.B.

120 3099 179 3144 enini
196 3099 389 3156 consideratione,
410 3098 551 3158 placabiles,
575 3103 597 3145 et
616 3099 651 3145 ad
743 3110 762 3134 ω
778 3098 942 3159 Δωροφόρουι
955 3099 1120 3161 appellabant]
1135 3099 1227 3147 Athen·

122 3173 284 3220 aemulandum
298 3188 368 3234 quma
382 3174 417 3220 ud
428 3173 577 3220 coercendum
588 3188 648 3233 pro·
698 3188 748 3220 cens
759 3187 793 3219 vr.
804 3175 841 3220 18.

119 3249 241 3308 parciores
248 3248 327 3309 sucis.
357 3249 428 3295 Adde
443 3250 562 3295 Isidorum
576 3249 649 3296 Pelu·
743 3255 755 3281 ¹¹
779 3249 898 3295 Alimenta
924 3263 990 3295 seruo
1011 3247 1133 3310 debentur]
1160 3251 1225 3297 Sira-

122 3325 207 3370 nietam
229 3324 284 3371 Lib.
307 3337 325 3369 1.
346 3325 449 3384 epistola
470 3327 523 3372 471.
555 3326 649 3386 Repete
699 3323 779 3370 ebides
797 3336 897 3370 xxxin.
912 3327 950 3370 26.
970 3323 1048 3383 elprae
1064 3325 1105 3370 sal
1122 3325 1226 3370 παιδεία

122 3412 176 3458 quas
186 3400 257 3446 medo
267 3414 297 3445 ex
307 3399 389 3446 Princo
399 3401 529 3460 posuimus.
699 3398 741 3444 sal
751 3397 815 3457 ἔργα
825 3399 920 3458 οἰκέτῃ·
936 3399 1016 3444 Panis
1030 3404 1052 3444 ct
1064 3398 1192 3458 disciplina
1204 3403 1227 3446 st

167 3472 179 3499 ⁴
193 3473 260 3520 Nihil
269 3473 319 3520 tale
332 3474 401 3521 rideo
416 3474 482 3534 apud
493 3473 609 3530 Serrium,
623 3473 649 3517 in
698 3485 772 3530 opera
781 3484 857 3517 seruo.

122 3698 197 3752 been
216 3696 341 3761 faithful,
359 3697 432 3753 shall
452 3698 489 3752 be
509 3713 540 3752 as
563 3698 590 3751 if
605 3696 674 3768 they
693 3711 767 3750 were
784 3694 914 3750 brothers
934 3693 968 3749 of
984 3690 1169 3749 Telemachus
1183 3690 1227 3747 his

123 3798 184 3839 eon.
216 3781 372 3836 Tertullian
387 3800 457 3855 says,
465 3784 574 3858 sattcrs
588 3783 681 3837 rather
692 3783 758 3837 than
769 3791 889 3836 martem
919 3781 1034 3836 larome
1049 3796 1081 3835 or
1092 3779 1227 3835 Paulinus

124 3867 238 3922 exhorta
251 3866 380 3923 (lelantia
393 3875 423 3924 to
437 3869 474 3925 be
488 3886 506 3923 a
519 3869 632 3925 mother
646 3868 743 3924 rather
757 3867 826 3923 than
841 3885 859 3922 a
872 3869 996 3923 mistress
1011 3867 1045 3922 of
1055 3866 1107 3921 her
1118 3866 1224 3936 family.

125 3954 164 4009 So
179 3953 336 4023 augustine
350 3970 413 4025 says
427 3954 490 4009 that
504 3961 622 4010 masters
636 3954 703 4026 help
718 3954 793 4010 their
807 3961 932 4009 servants
947 3959 978 4008 to
989 3952 1110 4023 worship
1123 3951 1196 4006 eod.

177 4045 194 4094 3
224 4038 317 4093 There
331 4039 384 4093 isa
398 4040 610 4095 similarlesson
625 4039 747 4110 ofpiety
762 4040 792 4093 in
806 4038 856 4094 the
870 4039 946 4093 word
964 4055 1035 4108 puer
1048 4037 1094 4091 sor
1109 4042 1226 4096 mant,

123 4142 154 4180 aa
168 4125 280 4180 Servius
292 4130 382 4180 notes.
429 4125 467 4178 So
488 4123 537 4179 the
551 4124 732 4179 Heracleotes
749 4121 839 4177 called
854 4122 929 4177 their
942 4122 1031 4176 alares
1044 4120 1226 4191 aye-temere.

123 4212 238 4266 Tacitus
250 4212 355 4282 praises
367 4210 417 4265 the
430 4211 567 4266 Germane
579 4208 672 4263 whose
684 4212 810 4262 servants
823 4222 896 4261 were
909 4221 940 4260 as
952 4209 1073 4260 tenente.
1112 4202 1228 4258 Theano

123 4315 186 4370 says
200 4297 261 4352 that
276 4297 366 4352 slaves
381 4296 483 4352 should
497 4302 548 4350 not
562 4295 648 4349 suffer
662 4293 736 4348 from
751 4292 930 4347 orer-labour
944 4306 977 4344 or
991 4295 1075 4343 nant.

176 4384 227 4440 VI.
265 4390 279 4438 1
302 4384 338 4438 In
352 4390 451 4440 return
465 4382 511 4438 for
525 4381 633 4448 labonr,
645 4385 811 4437 eustenence
828 4377 885 4433 and
907 4375 1032 4447 clothing
1054 4391 1102 4430 are
1125 4372 1180 4429 due
1198 4379 1228 4431 to

122 4468 172 4526 the
185 4470 270 4527 slave.
310 4471 349 4526 So
362 4470 469 4538 (licere,
484 4467 627 4533 Aristotle,
640 4466 720 4534 (lato,
732 4466 848 4524 Seneca.
886 4462 948 4519 The
959 4462 1025 4520 foed
1038 4461 1154 4517 allowed
1173 4477 1229 4517 was
