2986 5048
724 547 870 615 CAPUT
895 547 985 613 XIV.

520 717 876 779 TEMPERAMENTUM
896 713 1012 771 cmcl
1034 713 1190 771 omne.

343 880 367 934 1.
414 878 474 945 Quo
497 892 578 946 taque
600 889 694 944 copore
715 871 831 926 homines
902 870 954 931 Vl.
985 870 1130 925 Peculium
1145 870 1276 942 quomodo
1296 870 1409 938 ἀοαιίαἰ,

414 963 492 1016 liccat
503 960 612 1033 jurtitic
629 959 755 1013 interno:
988 957 1119 1028 quomodo
1140 955 1218 1010 send.

338 1049 377 1103 Π.
417 1048 492 1114 Quid
504 1047 609 1101 intento
617 1043 731 1116 joathim
745 1041 831 1096 domi-
902 1041 969 1096 VII.
990 1042 1038 1095 An
1048 1042 1234 1112 mohsopcrc
1246 1041 1332 1097 licoat

413 1133 508 1187 cloio
528 1130 749 1186 mulinas.-
895 1125 1408 1187 vnn.Ancmsnartdonanoc-

333 1218 388 1276 111.
414 1219 479 1273 Noa
493 1214 832 1272 liocreowidcmicmoen·
988 1221 1301 1284 marmoreamve.

416 1315 477 1360 ton.
907 1297 962 1354 IX.
992 1297 1068 1365 Quid
1080 1299 1245 1370 sooirtdnm
1269 1299 1318 1354 ubi
1341 1316 1406 1371 eop-

335 1393 387 1447 IV.
415 1384 774 1460 Ncopouircioctcmmor.
990 1384 1208 1440 ncommoonr
1230 1385 1409 1441 ἱαυωαοη

343 1478 379 1531 V.
414 1476 479 1530 Noa
495 1489 590 1545 operas
606 1470 722 1525 nimium
737 1486 833 1543 proces
990 1477 1037 1524 cot.

414 1561 557 1633 imponere.
1027 1556 1029 1559 ’

307 1681 334 1793 Ϊ.
358 1728 378 1793 1
474 1719 611 1789 UIBUS
637 1716 671 1785 in
691 1714 766 1782 locis
787 1714 953 1804 captivitas
978 1716 1137 1784 hominum
1157 1726 1191 1786 et
1211 1717 1350 1786 servitus
1376 1717 1411 1785 in

142 1839 296 1935 &popae
491 1842 579 1887 more
594 1826 652 1896 cst,
669 1816 696 1883 ei
711 1816 866 1883 internam
877 1815 1030 1903 justitiam
1046 1816 1234 1906 respicimus,
1248 1816 1411 1884 limitanda

140 1933 281 2018 {3253ng
306 1922 440 2013 primum
466 1929 515 1988 est
542 1920 712 1986 adrerum
735 1914 844 1992 instar,
869 1922 906 1981 ut
927 1915 1043 1982 scilicet
1067 1936 1105 1983 eo
1133 1938 1231 2004 usque
1256 1915 1344 1983 licita
1369 1916 1412 1983 sit

146 2025 294 2119 cffiffgtfj‘*
307 2022 378 2091 telis
394 2019 563 2109 acquisitio,
586 2038 648 2105 quo
672 2036 770 2102 usque
791 2013 888 2082 debiti
910 2022 966 2081 aut
986 2013 1136 2103 primarii,
1152 2023 1209 2083 ant
1224 2015 1412 2084 subnascen-

144 2081 281 2201 licinii?
307 2122 348 2189 tis
365 2120 522 2207 quantitas
544 2117 671 2206 petitur,
689 2114 747 2181 nisi
771 2114 853 2180 forte
869 2112 902 2178 in
917 2112 992 2201 ipsis
1006 2113 1180 2181 hominibus
1196 2114 1354 2201 peculiare
1369 2112 1413 2181 eit

143 2206 290 2303 {iiim
308 2219 455 2286 delictum
470 2217 555 2304 qnod
570 2214 724 2282 libertatis
746 2214 859 2278 damm
880 2212 984 2299 puniri
1000 2212 1130 2299 {equitas
1145 2213 1237 2279 ierat.
1290 2212 1413 2279 Hacte-

307 2338 367 2382 nus
386 2314 483 2403 igitnr
502 2335 560 2379 nec
580 2313 665 2379 ultro
679 2311 799 2397 justum
821 2311 936 2377 bellum
961 2333 1074 2401 gerens
1094 2311 1128 2377 iu
1148 2311 1247 2378 hostis
1269 2311 1413 2379 subditos

307 2422 414 2504 captos
424 2412 477 2499 jus
493 2412 598 2489 habet,
613 2410 708 2498 idque
722 2409 755 2474 in
770 2409 848 2476 alios
863 2409 965 2477 valide
982 2410 1141 2477 hansiert

350 2595 363 2623 ⁸
384 2585 456 2648 Quod
469 2599 516 2632 non
531 2597 609 2631 omna
623 2583 666 2644 qni
682 2582 743 2630 fuer
759 2583 836 2630 hortu
882 2583 897 2639 si
912 2582 979 2631 rard
992 2583 1114 2646 λῃστείας
1130 2583 1300 2646 ἅπαχθὲαταν
1312 2583 1329 2640 ri
1342 2585 1412 2632 κατα

299 2659 605 2724 flurnntrrrvorsetimt]
617 2659 754 2719 lthusejus
760 2659 835 2705 Alex·
882 2659 996 2719 πόλεμον
1014 2659 1184 2720 αἰχμαλῶτων
1199 2659 1350 2721 peroptime,
1368 2661 1414 2707 ets

307 2740 384 2787 ander
392 2737 482 2784 Thebis
495 2735 571 2795 captis
586 2734 675 2780 exemit
687 2734 796 2780 servitui
809 2737 835 2780 et
883 2733 907 2781 ol
920 2736 966 2790 τῆς
979 2735 1079 2794 φύσεως
1094 2734 1166 2795 νόμοι
1178 2736 1231 2781 ταῖν
1243 2734 1357 2783 κάτωθεν
1368 2735 1412 2783 eu-

308 2813 453 2868 sncsrdotes,
464 2814 489 2857 et
499 2823 540 2856 eos
550 2808 591 2869 qul
601 2808 704 2855 decretis
713 2809 738 2854 in
749 2823 774 2854 se
784 2809 835 2855 iac-
882 2824 926 2854 τις
935 2808 1097 2869 βεβαιότεραι
1104 2808 1250 2870 γράφουσιν
1258 2808 1415 2868 ἐλευθέρων

308 2888 341 2934 tle
355 2899 403 2933 non
413 2886 582 2932 adsemerentr
596 2886 680 2929 narrat
690 2883 835 2931 Plutarchus
883 2896 939 2929 nom
948 2887 970 2930 et
978 2889 1062 2942 patrer
1072 2898 1120 2944 pro
1126 2885 1193 2944 filiis
1208 2888 1230 2931 el
1238 2884 1294 2944 filu·
1303 2898 1351 2944 pro
1361 2899 1412 2945 pn-

308 2963 333 3010 ln
342 2963 393 3009 rita
403 2961 463 3021 ejus.
492 2958 618 3019 (Pagdlw
628 2956 665 3017 n.)
882 2958 987 3004 rentibus
999 2971 1059 3019 cepe
1069 2959 1175 3019 pretinm
1186 2959 1355 3020 pependerunt,
1368 2966 1414 3007 ant

352 3033 365 3068 θ
381 3033 541 3092 captivantes
556 3031 657 3085 dicebat,
672 3044 719 3076 non
730 3030 833 3092 mum]
882 3033 908 3078 oi
931 3033 1050 3080 latronum
1068 3034 1179 3094 obnptr's,
1200 3039 1244 3080 mo
1266 3035 1324 3081 belli
1347 3049 1415 3084 nors

308 3107 392 3155 Philo:
416 3104 473 3152 ἐπεὶ
490 3103 532 3151 καὶ
551 3103 662 3163 πατέρας
681 3103 740 3149 ulcis
758 3105 835 3163 τιμάς
883 3108 968 3167 captis,
983 3120 1042 3168 qnos
1051 3108 1145 3168 quidem
1153 3113 1243 3156 nature
1256 3109 1318 3169 leyen
1329 3109 1414 3157 oola·

308 3178 456 3238 κατέθεσαν,
466 3179 509 3224 rol
520 3175 564 3224 niel
572 3175 698 3224 πολλάκις
707 3178 835 3239 πατέρων,
884 3182 956 3230 tiores
966 3182 1004 3228 leis
1010 3197 1060 3243 ραι
1066 3183 1092 3230 in
1101 3184 1236 3245 majani
1242 3183 1342 3245 lepidus,
1349 3186 1414 3233 m·-

475 3461 614 3517 carrusa
631 3459 712 3516 XIV.
749 3460 903 3517 normico
920 3462 1065 3534 respectione
1082 3463 1234 3519 Priscam.

360 3600 384 3654 1.
423 3602 438 3651 1
461 3596 497 3651 In
507 3596 589 3652 those
602 3596 696 3669 places
707 3594 736 3648 in
750 3594 842 3650 which
856 3595 906 3650 the
920 3597 1054 3668 captivity
1068 3598 1125 3651 ond
1137 3598 1278 3654 servitude
1295 3597 1332 3652 oi
1343 3614 1413 3653 men

310 3685 334 3738 le
348 3682 438 3746 usual,
449 3682 473 3736 it
484 3687 568 3746 must,
582 3681 608 3734 if
622 3697 663 3734 we
678 3681 781 3751 regnrd
794 3681 917 3735 internal
932 3682 1044 3752 justice,
1056 3682 1092 3738 be
1107 3683 1216 3738 limited
1226 3684 1258 3737 in
1268 3682 1320 3739 the
1333 3699 1413 3739 same

310 3782 372 3837 way
383 3783 413 3820 ae
422 3777 555 3835 property
559 3784 568 3829 ;
579 3781 610 3820 so
619 3765 682 3819 that
697 3781 815 3835 nemoy
828 3764 899 3820 have
914 3766 983 3821 such
994 3769 1184 3839 acquisitione,
1196 3769 1263 3840 only
1273 3785 1305 3824 eo
1320 3769 1366 3824 ier
1379 3786 1412 3824 ns

309 3853 334 3906 ie
346 3849 498 3921 permitted
509 3849 547 3919 by
558 3847 607 3902 the
619 3854 736 3903 amount
754 3850 788 3904 of
807 3867 826 3904 a
844 3851 920 3916 debt,
937 3852 1029 3907 either
1041 3854 1166 3925 primury
1177 3870 1210 3909 or
1223 3854 1395 3910 subnascent
1402 3874 1411 3920 ς

309 3941 411 4007 except
424 3933 505 3990 there
518 3933 621 3989 should
631 3933 669 3989 be
680 3950 758 3988 somc
772 3936 897 4007 peculiar
908 3937 1002 4003 delict,
1013 3937 1105 3994 which
1116 3941 1212 4011 equity
1219 3939 1316 3995 allone
1330 3945 1361 3995 to
1374 3939 1412 3995 be

309 4019 450 4097 puniehed
463 4020 502 4093 by
513 4018 563 4076 tho
574 4020 630 4076 lose
645 4019 678 4075 of
686 4019 798 4092 liberty.
832 4023 870 4077 So
884 4022 936 4086 far,
949 4023 1100 4089 therefore,
1111 4026 1168 4079 end
1178 4041 1216 4080 no
1227 4024 1348 4090 further,
1358 4024 1412 4079 has

309 4127 328 4165 a
350 4107 517 4180 belligerent
535 4106 612 4178 right
630 4123 697 4162 orer
715 4108 825 4178 captive
843 4109 976 4174 enemiee,
994 4109 1051 4164 and
1070 4109 1120 4165 the
1133 4127 1228 4182 power
1245 4110 1280 4166 of
1297 4127 1316 4165 α
1334 4111 1412 4167 valid

308 4195 432 4252 transfor
445 4194 479 4249 of
489 4193 559 4249 such
573 4193 649 4265 right
663 4199 693 4247 to
708 4193 811 4249 othere.

361 4287 378 4335 2
400 4280 429 4334 It
442 4279 498 4334 will
512 4295 658 4335 moreover
673 4279 708 4334 be
722 4278 772 4333 the
787 4278 858 4349 duty
871 4279 906 4335 oi
920 4280 1017 4352 equity
1028 4279 1085 4335 and
1095 4280 1251 4352 *goodnesa
1266 4287 1297 4337 to
1315 4281 1413 4354 apply,

308 4363 377 4421 here
395 4365 463 4428 eleo.
479 4363 561 4420 those
578 4363 755 4420 distinctione
770 4361 862 4419 which
882 4381 924 4420 we
946 4366 1034 4422 noted
1050 4366 1158 4432 before,
1173 4365 1241 4422 with
1262 4366 1366 4440 regurd
1380 4375 1412 4422 to
