2986 5048
134 288 204 346 Car.
218 287 286 356 1x.]
517 291 569 344 DE
592 290 854 347 POSTLIMINIO.
1176 284 1234 346 181

133 451 228 519 minio
244 461 326 518 sunt.
387 456 498 518 Verum
515 467 569 530 est,
590 454 635 520 ait
656 453 853 541 Pomponius,
872 458 1015 543 expulsis
1035 457 1180 523 hostibus
1196 479 1236 523 ce
1250 477 1396 565 ιιωιιειιιαῖι

132 555 228 638 apris
261 574 341 639 quos
368 555 508 637 ceperint
537 555 686 619 domicia
715 576 824 620 eorum
852 559 899 621 ad
923 559 1055 642 priores
1088 558 1263 622 dominos
1274 572 1301 610 1>
1312 572 1396 620 aaa

134 654 250 719 redire.
298 650 430 737 Expulsi
451 659 555 717 autem
572 652 677 718 hostes
699 652 830 742 intelligi
846 655 970 732 debent,
989 678 1028 720 ex
1046 677 1106 741 quo
1123 665 1233 741 aperte

134 773 172 817 eo
188 750 336 816 accedere
355 748 487 836 amplius
508 773 570 817 non
592 760 729 838 possunt,
747 761 783 818 ιιι
803 753 876 822 alibi
901 753 1129 841 explicavimus.
1182 753 1232 820 Sic

132 850 284 938 AEginam
310 849 440 915 insulam
470 850 708 917 Atheniensibus
733 861 873 939 ereptam
900 853 1077 918 ¹veteribus
1102 852 1291 918 domininon
1291 874 1319 913 ιο
1326 874 1371 913 ιι

134 949 361 1015 Laeedaemonii
382 948 596 1018 reddiderunt.
647 950 755 1039 Agros
776 973 815 1016 ex
840 952 951 1018 Gothis
968 961 1000 1017 et
1016 952 1167 1018 Vandalis
1183 974 1232 1018 re-
1245 921 1316 969 m

135 1057 298 1135 superatos
323 1057 464 1113 veterum
490 1070 698 1135 possessorum
721 1049 886 1116 herodibus
906 1051 1110 1117 reddiderunt
1135 1051 1234 1117 Justi·
1247 1064 1324 1103 Nor-¹
1326 1064 1381 1103 uu

133 1147 253 1224 nianus,
275 1147 389 1232 aliique
414 1147 632 1233 Imperatores,
655 1152 737 1214 ynon
758 1149 898 1216 admissis
921 1150 1071 1216 adversus
1093 1149 1232 1216 dominos
1244 1167 1394 1261 witi

134 1246 418 1334 praescriptionibus
433 1246 503 1323 illis,
521 1268 598 1332 quas
615 1249 766 1313 Romana
783 1249 870 1336 leges
885 1249 1081 1315 induxerant
1243 1259 1330 1343 ἕξιν·
1331 1260 1367 1343 ᾗ·

211 1348 233 1410 2
268 1345 360 1424 Quod
377 1347 418 1411 de
433 1345 519 1434 agris
528 1346 581 1432 jus
598 1357 655 1424 est,
673 1346 755 1412 idem
770 1369 837 1412 esse
853 1348 990 1414 arbitror
1007 1348 1047 1413 de
1064 1347 1146 1413 omni
1159 1347 1232 1434 jure
1244 1349 1339 1434 ξιιὼ·

135 1444 219 1530 quod
235 1444 299 1510 solo
315 1445 464 1511 adhaeret
514 1446 596 1510 Nam
614 1454 646 1512 et
661 1446 728 1512 loca
748 1452 840 1532 capta
861 1448 901 1511 ab
919 1447 1058 1512 hostibus
1075 1468 1145 1532 quas
1161 1447 1233 1512 reli·

134 1542 224 1630 giosa
241 1542 290 1610 vel
312 1565 401 1609 sacra
420 1544 555 1620 fuerant,
575 1544 602 1609 si
623 1546 664 1610 ab
685 1546 744 1611 hac
764 1545 938 1611 calamitate
955 1545 1071 1611 suerint
1086 1546 1230 1659 liberata,

134 1664 223 1728 quasi
213 1642 372 1728 quodam
392 1643 577 1730 postliminio
602 1665 730 1709 reversa
745 1644 875 1729 pristino
891 1644 986 1709 statui
1001 1644 1123 1709 restitui
1138 1644 1233 1731 scrip-

133 1742 176 1806 sit
191 1742 398 1829 Pomponius:
426 1741 547 1827 quicum
565 1742 708 1809 convenit
695 1742 801 1808 tillud
819 1742 999 1808 Ciceronis'
991 1765 1023 1807 ιιι
1040 1743 1175 1808 Verrius
1192 1744 1269 1809 de
1244 1757 1326 1839 ζῆῗςξι
1320 1757 1371 1839 “pe

133 1840 240 1929 signis,
258 1842 298 1907 de
315 1841 418 1907 Diana
439 1841 629 1930 Segestana:
654 1845 697 1906 P.
719 1844 879 1927 Africani
900 1844 1020 1907 virtute
1042 1843 1232 1926 religionem
1243 1847 1366 1930 ᾒιξθίιωζι

133 1942 235 2005 amul
254 1963 327 2006 cum
356 1943 422 2007 loco
442 1943 668 2027 recuperavit:
693 1949 726 2006 ct
751 1941 929 2005 Marcianus
958 1962 1027 2005 cum
1054 1940 1261 2046 postliminii
1244 1961 1300 2000 nr
1305 1963 1359 2000 aar
1358 1970 1394 2000 ιι.

130 2038 204 2126 jure
219 2048 410 2125 comparatJ
415 2061 449 2105 us
471 2040 548 2106 illud
570 2061 631 2125 quo
654 2039 752 2105 solum
773 2039 900 2105 aedificio
918 2048 1099 2126 occupatum
1117 2061 1154 2105 eo
1171 2040 1232 2105 col·
1244 2062 1287 2092 rer
1271 2008 1327 2046 Μ
1327 2008 1365 2047 ‘⁸

134 2139 221 2224 lapso
248 2138 347 2205 littori
371 2138 522 2205 redditur.
572 2140 677 2216 Quare
706 2146 739 2205 ct
768 2138 991 2204 usumfructum
1018 2138 1088 2226 agri
1115 2138 1233 2225 recepti

133 2237 256 2310 restitui
273 2237 435 2303 dicendum
452 2238 522 2313 erit,
539 2238 581 2303 ad
604 2237 824 2324 exemplum
797 2259 864 2324 eJus
886 2237 969 2323 quod
990 2238 1030 2303 de
1049 2258 1128 2326 agro
1144 2237 1233 2303 inun-

135 2336 209 2402 dato
234 2336 422 2422 Pomponius
443 2335 614 2422 respondit.
661 2337 712 2402 Sic
729 2333 878 2423 Hispanis
893 2337 963 2425 lege
980 2346 1104 2403 cautum
1122 2346 1179 2413 est,
1197 2346 1234 2403 ut
1246 2345 1395 2431 graffiis*

134 2435 297 2502 comitatus
310 2445 343 2502 et
356 2434 417 2502 alia
428 2435 659 2522 jurisdictiones
675 2435 874 2502 hereditarias
891 2435 1076 2524 postliminio
1091 2436 1222 2502 redeant
1223 2395 1366 2530 ,mr
1330 2483 1375 2521 ,ιιι

1245 2530 1393 2622 tratre

134 2614 166 2659 tir
185 2612 301 2672 Afrorum
320 2613 427 2674 moitis,
447 2613 489 2673 qui
505 2627 530 2659 re
541 2612 658 2672 probare·
708 2613 800 2659 lembis
810 2613 1234 2672 worbarbcmcareneritcsccptioa

134 2688 184 2735 rint
192 2690 347 2735 nereditatem
358 2688 512 2735 vandalicam
516 2689 657 2747 pertulisse:
707 2689 842 2733 memsitate
852 2688 990 2743 transverit,
995 2687 1141 2746 postliminio
1155 2700 1232 2732 rever·

132 2767 161 2809 ιιι
176 2763 206 2810 de
219 2764 314 2810 illenim
329 2764 408 2809 caruis
423 2763 468 2809 itta
483 2768 588 2821 tempora
595 2776 658 2821 pra·
707 2761 806 2806 tentibus
812 2761 920 2807 redditur
927 2761 1029 2819 antiqua
1031 2761 1163 2819 porcario:
1175 2773 1232 2804 con·

101 2836 109 2849 ⁸
126 2836 662 2899 fieotriceuuiorubtrabaatar‚qaoeclaraerit
707 2835 774 2881 venit
789 2849 810 2881 c.
821 2850 850 2881 en
865 2835 1015 2881 transmissa:
1031 2836 1060 2881 de
1071 2835 1235 2894 prescriptio-

134 2914 177 2959 rab
196 2912 325 2959 hostilitate
350 2917 477 2959 cccmmta.
507 2912 537 2956 In
559 2910 659 2956 concilio
707 2909 792 2954 abus.-
811 2909 863 2953 vide
877 2915 901 2954 et
915 2908 1039 2968 Cujacinm
1054 2910 1085 2954 ad
1095 2909 1191 2954 titulum
1203 2909 1232 2956 C.

136 2986 272 3046 Hispalensi
281 2987 358 3033 relato
372 2986 504 3032 incensam
520 2984 566 3030 xvi.
582 2996 660 3042 quies·
708 2984 739 3029 de
747 2983 928 3043 prascriptione
937 2999 993 3033 xxx.
1004 2998 1129 3033 annorum.

135 3062 200 3109 tione
209 3062 243 3109 iii
252 3075 274 3109 c.
284 3063 319 3108 13.
334 3061 395 3107 sicat
405 3074 451 3120 per
465 3060 536 3121 legera
550 3057 658 3104 mundia-

191 3308 274 3364 xm.
320 3314 335 3364 1
358 3308 469 3381 Among
480 3309 582 3382 things,
596 3310 663 3365 land
683 3311 743 3365 first
759 3327 864 3366 occurs.
897 3312 970 3367 >This
986 3312 1008 3365 is
1027 3312 1176 3367 recovered
1197 3312 1235 3383 bJ

136 3396 346 3468 postliminium,
358 3396 438 3450 vrhen
450 3395 500 3451 the
514 3413 614 3468 enemy
629 3414 677 3452 are
692 3396 835 3468 expelled:
859 3397 921 3451 that
934 3398 965 3461 is,
977 3397 1058 3451 when
1070 3398 1118 3451 the
1134 3414 1235 3468 enemy

136 3497 188 3536 can
209 3498 247 3536 no
265 3482 364 3553 longer
381 3481 483 3553 openly
502 3482 643 3553 approach
664 3483 713 3536 the
733 3482 807 3536 land.
858 3482 897 3536 So
912 3482 962 3536 the
980 3482 1235 3545 Lacedaemoniam,

136 3566 215 3621 vvhcn
238 3566 305 3639 they
322 3566 379 3621 had
398 3567 483 3621 taken
501 3568 592 3638 Egina
610 3568 684 3621 irom
704 3565 753 3620 the
768 3566 930 3630 Atheniens,
950 3566 1078 3620 restored
1097 3567 1120 3619 it
1147 3571 1177 3618 to
1198 3566 1235 3620 its

135 3653 249 3706 ancient
263 3669 377 3707 owners.
415 3654 434 3707 J
436 3654 556 3707 ustinian
570 3670 640 3723 garo
655 3653 704 3707 the
719 3652 798 3707 lands
812 3652 897 3706 taken
912 3652 986 3706 from
1004 3651 1053 3706 the
1072 3651 1163 3706 Goths
1178 3650 1235 3706 and

135 3737 261 3792 Vanduls
271 3746 302 3794 to
314 3738 363 3793 the
377 3737 452 3793 heire
464 3738 497 3793 of
506 3739 554 3793 the
569 3738 616 3792 old
627 3754 790 3811 possessore,
803 3745 855 3792 not
869 3738 1019 3809 admitting
1030 3745 1161 3811 contrary
1171 3755 1234 3811 pre·

136 3823 293 3895 scriptione.

193 3914 211 3962 2
232 3908 318 3962 What
331 3908 355 3963 is
369 3916 434 3963 true
448 3908 581 3974 eilande,
598 3910 622 3964 is
634 3915 697 3964 true
712 3910 745 3964 of
756 3910 794 3964 all
812 3910 901 3982 rights
916 3909 1052 3982 adhering
1064 3917 1094 3965 to
1109 3910 1158 3966 the
1172 3910 1233 3966 soil.

137 3994 175 4049 So
186 3994 281 4065 places
292 3993 383 4048 vrhich
394 3994 451 4048 had
463 3995 535 4049 been
547 3996 727 4050 consecrated
739 4012 769 4050 us
780 3997 921 4067 religione,
932 3997 957 4049 if
967 3996 1113 4060 ilbenstad,
1125 4011 1236 4050 resume

135 4080 210 4135 their
223 4080 328 4135 former
343 4086 433 4135 state:
456 4096 487 4133 as
504 4080 601 4135 Cicero
616 4097 715 4150 argues
734 4082 843 4151 against
857 4083 970 4145 Verres,
984 4082 1017 4135 of
1030 4080 1079 4134 the
1097 4080 1191 4133 Diana
1205 4078 1239 4132 of

137 4165 261 4235 Segeste.
287 4166 415 4221 Marcion
424 4181 567 4236 compares
577 4164 625 4219 the
638 4164 713 4234 right
723 4165 757 4218 oi
765 4166 968 4235 postliminium
977 4170 1006 4218 to
1019 4164 1081 4217 that
1089 4164 1128 4233 by
1136 4160 1236 4227 vrhich,

136 4250 217 4305 when
231 4267 249 4305 a
261 4249 351 4306 house
365 4250 487 4306 tumbIes
504 4250 593 4315 dovn,
609 4248 658 4304 tho
676 4249 729 4304 soil
743 4251 766 4304 is
782 4249 907 4304 restored
923 4255 953 4303 ιο
971 4247 1020 4302 the
1036 4246 1127 4303 shore.
1171 4247 1235 4301 And

134 4335 279 4392 therefore
294 4336 344 4391 the
361 4336 488 4393 ueniruct
506 4336 539 4392 οι
554 4335 705 4391 recovered
726 4334 793 4390 land
813 4335 836 4389 is
857 4340 887 4388 to
907 4334 944 4388 bc
963 4332 1105 4388 restored:
1129 4349 1159 4387 as
1179 4350 1235 4389 vas

133 4422 224 4487 ruled‚
248 4422 311 4476 itit
329 4422 386 4477 bad
404 4422 476 4478 boen
498 4421 661 4477 inundated.
707 4422 747 4478 So
767 4419 817 4476 the
840 4420 961 4493 Spanish
981 4419 1033 4474 lav
1052 4418 1154 4475 directs
1172 4418 1235 4479 thui
