2986 5048
251 300 315 370 276
555 311 908 367 murcomannum
931 309 1045 367 omos
1168 344 1170 349 »
1211 307 1289 378 [nm.
1303 310 1364 366 111.

248 474 391 541 meliores
415 473 640 562 amplioresque
664 474 813 551 lacerent,
839 469 905 542 ¹‘ita
932 473 1116 552 emendavit,
1145 482 1296 562 precatus
1320 483 1361 541 ut

249 596 302 640 eas
316 582 467 661 perpetuo
483 573 649 639 incolumes
666 583 837 641 servarent.

323 675 415 740 VIII.
459 672 694 749 Lacedaemonii,
713 682 746 739 et
761 672 848 739 initio
866 673 1082 752 Athenienses,
1101 675 1134 739 in
1151 680 1262 761 captas
1279 671 1361 739 civi·

248 780 330 838 tetes
346 771 463 837 nullum
479 771 537 837 sibi
558 772 756 838 vindicabant
771 772 954 859 imperium:
977 780 1099 839 tantum
1121 794 1174 839 eas
1190 771 1357 859 republica

249 871 294 937 uti
312 870 457 937 volebant
474 871 515 935 ad
531 893 619 936 suam
636 871 874 948 accommodata,
896 870 1122 937 Lacedaemonii
1144 870 1273 958 quidem
1296 871 1357 936 sub

84 990 143 1076 ld?
157 991 233 1077 w·
248 969 418 1057 primorum
439 969 588 1054 potentia,
611 969 817 1035 Athenienses
838 971 896 1037 sub
916 970 1046 1036 arbitrio
1069 970 1184 1057 populi,
1207 978 1244 1035 ut
1266 969 1358 1035 Thu-

99 1066 177 1122 ,suo
228 1065 388 1156 ‘cydides,
412 1069 574 1144 Isocrates,
596 1069 822 1135 Demosthenes
844 1091 900 1134 nos
921 1070 1051 1146 docent,
1066 1069 1132 1155 ipse
1147 1068 1241 1135 etiam
1261 1068 1358 1133 Aris·

104 1139 144 1168 cm.
153 1131 207 1167 erat

83 1175 229 1260 sstss‘gye,
248 1168 359 1235 toteles
384 1167 489 1253 quarti
514 1168 554 1232 de
578 1167 737 1254 republica
761 1168 862 1255 capite
886 1190 931 1233 x1.
966 1176 999 1233 et
1033 1167 1131 1254 quinti
1153 1188 1209 1232 vir.
1259 1167 1355 1245 Quod

83 1275 147 1358 113„
155 1311 211 1350 sm,
248 1267 348 1354 ipsum
374 1266 406 1331 in
436 1265 586 1332 comoedia
617 1266 660 1332 sic
692 1275 782 1334 notat
811 1266 989 1332 Heniochus
1022 1267 1145 1332 illorum
1174 1275 1354 1353 temporum

85 1358 187 1396 ⁸⁶⁶³·st
248 1366 401 1452 scriptor:

465 1471 569 1524 Γυνοῖκε
586 1468 610 1523 δ’
628 1470 706 1526 αὐτὸς
723 1468 760 1524 δυ’
779 1469 945 1541 ἕταρόττετόν
961 1491 1022 1534 τινε,

464 1553 511 1610 Ἀεὶ
532 1559 668 1610 συνοῦσαι.
704 1556 860 1628 δημοκρατία
881 1555 975 1628 θατέρᾳ

459 1640 551 1710 'onon'
574 1641 640 1706 ἐστὶ,
660 1643 691 1711 τῇ
713 1640 736 1710 d'
753 1640 937 1713 ἀριστοκρατία
959 1641 1062 1711 θατέρᾳ,

463 1726 503 1781 Δι’
521 1723 551 1783 ds
572 1725 786 1801 πεταριρνὴκασιν
806 1725 855 1796 ἤδη
872 1725 1007 1783 πολλάκις.

462 1850 536 1903 Tum
550 1847 668 1919 gemina
682 1848 719 1901 ad
734 1847 795 1902 illas
810 1852 987 1902 accesserunt
1002 1845 1133 1900 mulieres

463 1935 532 1998 Quen
547 1939 649 1988 cuncta
662 1932 882 1988 conturbarunt:
906 1932 1079 2004 optimatitas

463 2020 515 2074 Est
528 2034 632 2073 nemen
646 2018 737 2084 alteri,
750 2018 832 2073 alteri
846 2018 1027 2090 popularitas,

465 2105 591 2168 Quarum
605 2104 723 2159 incitata
736 2104 846 2176 pridem
860 2108 1013 2158 externatae
1026 2101 1151 2157 fuerunt.

83 2235 175 2275 anau
185 2237 215 2276 ο.
246 2215 354 2282 Simile
371 2219 519 2304 estquod
536 2218 664 2284 Tacitus
680 2219 721 2285 ab
739 2220 900 2286 Artabano
916 2226 1025 2284 narrat
1042 2215 1192 2283 Seleuciae
1210 2216 1354 2282 factum:

242 2316 366 2398 plebem
377 2319 581 2401 primoribus
598 2320 752 2396 tradidit,
769 2318 877 2405 inquit,
895 2340 934 2384 coe
956 2340 1014 2384 eoo
1030 2338 1115 2383 uec:
1140 2338 1222 2380 acm
1231 2315 1354 2401 populi

289 2491 302 2527 ¹
320 2495 359 2541 Ῑια
371 2498 509 2558 mesdavit]
526 2498 663 2544 Utitur-hnc
673 2499 772 2546 historia
818 2503 899 2546 tamen
916 2501 990 2545 verba
1004 2499 1081 2560 prims
1095 2499 1167 2545 aliter
1180 2512 1234 2545 sese
1250 2498 1354 2556 habent,

246 2568 393 2617 Claudianus
408 2570 521 2617 Julianus
536 2572 620 2618 consul
634 2573 659 2617 in
670 2573 772 2633 epistola
820 2574 1015 2621 Auctorenostro
1023 2573 1160 2618 memoriter
1166 2573 1209 2618 illa
1215 2573 1353 2619 adferente.

244 2643 421 2704 adPupienum
434 2647 601 2693 etBalbirsum.
627 2647 771 2708 (Capitolin.
819 2646 899 2708 J.13.]

243 2721 269 2766 in
284 2720 386 2767 Maxim.
400 2727 425 2768 et
435 2722 529 2768 Balbin.
545 2736 565 2769 c.
578 2721 629 2780 17.)
659 2722 771 2769 Imitatus
863 2722 1008 2782 ’Intelligit
1023 2723 1116 2769 Auctor
1129 2726 1215 2768 noster
1229 2721 1266 2769 τιὶ
1280 2722 1354 2770 'Arc-

243 2796 371 2854 Augustus
381 2797 424 2857 qui
430 2797 510 2843 Dione
520 2801 640 2853 nutante,
651 2797 771 2857 ἐπῃνεῖτο
819 2795 1009 2856 μνημονεύματα
1021 2794 1167 2840 Μουσωνίου
1176 2795 1226 2839 τοῦ
1238 2794 1352 2854 φιλοσό-

244 2870 287 2929 ίφ’
301 2871 337 2916 cla
353 2873 397 2917 οίικ
411 2871 482 2932 ιίξίου
497 2872 584 2930 ’ίτερόν
600 2888 627 2916 τι
640 2870 772 2930 προσκτιί·
820 2876 877 2931 φου,
887 2870 977 2930 serlpta
984 2884 1000 2915 a
1009 2869 1131 2927 Pollione;
1147 2870 1177 2916 de
1188 2870 1280 2930 quibus
1291 2871 1353 2917 Sul·

245 2944 345 3003 σασθαι,
365 2945 425 2992 ἀλλ’
441 2947 549 3005 ιίκριβῶα
566 2945 698 3005 ἀρκεῖσθαι
717 2952 772 2993 τοῖο
818 2958 875 3002 ms,
895 2958 953 2990 voce
974 2943 1103 2991 Πολλίων.
1137 2944 1202 2991 Vide
1222 2944 1354 3003 domun,

246 3017 402 3078 ὑπάρχουσιν
412 3021 528 3066 ἐδικαίου·
544 3019 773 3080 ἱαιιᾶαίιιεεείᾳιιοά
819 3020 860 3066 De
877 3018 1039 3077 Sctptortbm
1055 3018 1120 3065 Hitt.
1138 3019 1235 3065 Philet.
1257 3032 1302 3067 111.
1326 3024 1352 3070 ⁷.

244 3092 307 3139 nibil
316 3094 370 3137 nevi
379 3095 503 3152 acqutrerc
512 3094 595 3150 coluit,
610 3094 652 3139 scd
660 3094 771 3154 quaejam
820 3094 890 3140 Unde
911 3098 992 3140 summ
1009 3094 1112 3154 petitum
1131 3094 1164 3140 sit
1183 3094 1354 3156 fragmentum

244 3165 506 3228 habebantursufficerc
515 3166 696 3216 marcioneus.
707 3169 771 3228 [Lib.
819 3167 883 3213 illius
895 3167 989 3226 Operis,
1003 3168 1029 3212 in
1041 3181 1090 3227 qno
1103 3169 1176 3214 verbs
1190 3169 1223 3214 ab
1237 3171 1355 3218 Auctore

244 3252 305 3286 nur.
325 3253 382 3299 pag.
394 3240 439 3289 602
455 3254 478 3289 o.
507 3240 557 3287 Ed.
576 3240 611 3287 H.
629 3241 709 3301 steph.
730 3244 771 3289 nbi
819 3247 901 3289 nostro
911 3242 992 3288 adlata
1001 3246 1172 3301 extentorum
1183 3243 1356 3304 hactennsig-

299 3484 380 3539 VIII.
417 3486 479 3541 The
498 3485 753 3551 Lacedaemoniam,
774 3485 830 3541 and
852 3492 882 3540 at
900 3486 962 3540 first
981 3485 1030 3540 the
1044 3484 1211 3552 Atheniens,
1225 3486 1355 3544 claimed

243 3587 282 3627 no
302 3569 447 3644 authority
468 3587 535 3626 orer
552 3570 601 3625 the
621 3572 701 3625 cities
723 3571 814 3626 which
835 3570 903 3644 they
921 3570 979 3624 had
998 3572 1173 3642 conquered:
1194 3572 1265 3645 only
1281 3573 1355 3647 they

242 3655 375 3724 required
389 3655 467 3710 them
481 3662 512 3710 to
526 3654 597 3708 have
612 3673 629 3709 a
644 3656 825 3710 constitution
840 3656 897 3709 like
911 3655 986 3710 theIr
1003 3673 1081 3721 own,
1099 3655 1150 3712 the
1164 3657 1355 3714 Lacedaemo·

243 3739 333 3798 niens,
350 3753 388 3789 an
405 3741 581 3808 aristocracy,
596 3739 646 3793 the
660 3739 824 3805 Athenians,
841 3757 860 3794 a
878 3740 1052 3811 democracy,
1066 3758 1098 3797 as
1114 3758 1156 3797 we
1176 3743 1261 3798 lcarn
1274 3744 1355 3800 from

243 3817 431 3888 Thucydides,
448 3823 593 3885 Isocrates,
616 3823 828 3888 Demosthenes,
851 3825 907 3878 and
930 3826 1074 3880 Aristotle.
1117 3827 1160 3882 Oi
1183 3826 1267 3884 these
1294 3836 1355 3885 two

243 3904 403 3959 characters
425 3904 485 3957 who
502 3907 660 3976 constantly
680 3906 825 3963 disturbed
844 3910 960 3975 Graece,
974 3910 1154 3984 Aristocracy
1167 3913 1226 3967 and
1241 3914 1357 3970 Demo·

242 4003 334 4058 cracy,
346 4003 383 4042 an
398 3988 445 4043 old
460 3989 614 4055 comedinn,
626 3991 797 4058 Heniochus,
804 3995 912 4066 speaks,
924 4013 955 4051 aa
970 4013 1089 4050 women.
1118 3997 1158 4052 So
1176 3998 1356 4068 Artabanus,

241 4075 272 4129 in
297 4073 419 4139 Tacitus,
441 4072 611 4131 established
633 4093 670 4130 an
692 4078 861 4152 aristocracy
879 4088 910 4135 at
933 4081 1070 4137 Seleucia.
1113 4082 1257 4140 Whether
1281 4087 1358 4142 such

241 4158 363 4227 changes
386 4160 443 4215 add
464 4165 495 4215 tc
513 4159 562 4216 the
584 4161 694 4217 victor'e
712 4164 847 4235 security,
860 4166 883 4220 is
901 4173 952 4222 not
975 4185 993 4222 a
1014 4172 1121 4221 matter
1136 4168 1184 4223 for
1206 4186 1264 4225 our
1285 4189 1358 4228 con-

242 4242 404 4301 sideration.

297 4324 350 4380 IX.
388 4329 423 4382 In
437 4327 486 4383 the
500 4345 577 4385 cases
591 4332 620 4384 in
635 4330 725 4386 which
736 4331 760 4385 it
771 4331 794 4386 is
806 4340 858 4389 not
868 4337 929 4394 safe
940 4345 971 4394 to
983 4337 1093 4392 abetain
1104 4338 1183 4394 from
1195 4341 1236 4395 all
1248 4341 1357 4399 autho·

240 4406 297 4477 rity
309 4422 376 4464 over
390 4412 438 4468 the
454 4415 622 4482 conquered,
636 4416 694 4470 still
713 4414 762 4470 the
776 4421 890 4485 portion
905 4423 1035 4497 assumed
1052 4440 1117 4496 may
1129 4425 1168 4481 be
1185 4427 1312 4496 limited,
1324 4445 1358 4485 so
