2986 5048
127 351 196 407 (ier.
211 350 333 419 xxm]
426 355 429 362 '
507 353 559 406 DE
581 352 672 406 FIDE
694 351 842 408 TACITA.
1164 346 1226 408 403

125 515 197 581 vela
213 514 346 581 candida
365 516 493 582 tacitum
516 518 634 582 habent
656 515 779 605 signum
804 515 895 602 petiti
917 513 1080 602 colloquii:
1106 517 1231 607 obligu-

123 615 203 682 bunt
219 638 295 704 ergo
311 637 374 680 non
390 615 490 683 minus
507 638 600 702 quam
617 616 643 682 si
660 638 737 682 voce
753 615 885 703 petitum
903 623 993 684 esset.

200 716 258 782 VI.
306 716 437 802 Sponsio
453 737 473 781 a
490 715 619 782 ducibus
635 716 719 781 facta
734 723 887 801 quatenus
904 714 998 780 tacite
1014 716 1189 802 approbata
1205 740 1225 784 a

124 814 240 901 populo
264 823 320 881 aut
345 837 421 904 rege
446 815 565 881 censeri
588 815 711 891 debeat,
736 822 769 879 et
792 815 851 879 hoc
869 812 935 900 jam
960 836 1056 903 supra
1081 815 1223 896 diximus,
1236 840 1349 882 naurs

124 913 269 980 nimirum
287 912 341 980 ubi
356 923 389 980 et
404 923 492 981 actus
506 913 567 980 fuit
589 913 740 1002 cognitus,
756 921 789 978 et
805 912 923 999 aliquid
946 913 1072 993 factum,
1089 924 1146 982 aut
1162 938 1223 982 non
1235 887 1352 982 lilim

123 1012 253 1098 sactum,
270 1013 318 1100 cuj
323 1035 357 1079 us
374 1013 421 1080 rei
436 1014 498 1082 alia
515 1035 608 1079 causa
625 1021 716 1079 extra
733 1013 924 1079 voluntatem
939 1013 1055 1081 federis
1070 1016 1225 1104 probandi

123 1112 193 1178 dari
210 1135 272 1178 non
288 1113 394 1200 possit

125 1265 127 1269 s
199 1215 274 1280 Vll.
316 1205 436 1279 ‘Poena
453 1211 592 1279 remissio
617 1234 658 1278 ex
680 1210 746 1279 sola
768 1210 1010 1278 dissimulatione
1032 1234 1094 1278 non
1119 1223 1222 1302 potest

123 1311 245 1401 colligi;
270 1312 326 1378 sed
343 1332 420 1399 opus
436 1320 485 1378 est
500 1312 628 1378 accedat
644 1319 732 1378 actus
752 1310 825 1377 talis
842 1309 896 1396 qui
911 1320 968 1377 aut
984 1310 1147 1378 amicitiam
1163 1336 1223 1400 per

123 1432 158 1475 se
180 1412 332 1488 ostendat,
358 1419 394 1477 ut
417 1411 506 1477 fedus
530 1410 674 1477 amicitiae
695 1433 797 1487 causa,
825 1418 881 1475 eut
902 1409 1075 1496 opinionem
1101 1412 1141 1477 de
1165 1412 1221 1478 tali

122 1511 241 1577 virtute
257 1510 305 1576 cui
323 1510 433 1577 merito
449 1511 607 1577 antefacta
623 1510 791 1576 condonari
807 1509 952 1586 debeant,
970 1510 1035 1575 sive
1057 1532 1095 1576 ea
1118 1512 1221 1599 opinio

120 1609 224 1677 verbis
246 1610 381 1679 indicata
398 1619 454 1688 est,
476 1610 543 1677 sive
558 1610 652 1677 rebus
668 1631 739 1697 quoe
759 1631 800 1675 ex
820 1631 906 1675 more
928 1609 1078 1676 institutae
1097 1610 1159 1677 sint
1180 1610 1222 1676 ad

121 1709 216 1776 talem
233 1710 497 1800 significationem.

120 1900 186 1947 gero,
200 1887 292 1934 Plinius
301 1888 354 1934 Lib.
365 1900 435 1934 xxm.
446 1901 466 1934 c.
477 1888 499 1934 4.
531 1886 580 1942 Qui
590 1886 646 1933 vieti
694 1887 766 1933 eliam
776 1887 839 1933 inter
847 1890 953 1932 amatos
963 1886 1040 1933 hostes
1049 1887 1135 1947 ᾳιιίειίο
1142 1888 1175 1934 sil
1184 1887 1221 1933 ia.

119 1976 146 2008 se
160 1963 252 2009 dedunt
266 1964 369 2010 inermes
383 1962 528 2022 supplicant,
542 1960 644 2008 either·
694 1963 790 2010 dicium.
818 1962 955 2022 (Cupito.)

119 2038 172 2084 vius
181 2038 211 2083 sd
221 2050 240 2084 1.
250 2038 349 2086 AEaeid.
361 2037 434 2096 (487.)
739 2037 749 2072 ¹
760 2039 842 2084 Poeuoe
855 2036 975 2098 remissio]
992 2038 1092 2084 Tractat
1106 2037 1220 2100 Polybius

165 2119 176 2145 θ
190 2111 270 2158 Hodie
280 2113 332 2159 vela
342 2113 447 2159 candida
455 2113 552 2159 ιοοίιιοιι
561 2112 647 2160 halent
698 2117 808 2160 serratus
817 2115 842 2159 in
848 2112 977 2173 Excerptis
983 2113 1144 2175 legationum,
1154 2128 1221 2161 num.

119 2187 211 2248 οἰοπιιιιι
216 2188 289 2248 petiti
297 2189 421 2249 colloquii]
437 2189 505 2249 Ignis
518 2203 646 2236 succensus
695 2193 746 2248 122,
762 2204 793 2236 an
803 2191 823 2236 si
833 2192 931 2237 remisso
940 2192 972 2238 sit
982 2206 1054 2252 poena
1067 2192 1096 2238 iis
1106 2193 1148 2252 qni
1160 2192 1221 2238 faci·

119 2264 190 2323 petiti
204 2264 318 2324 colloquii
329 2265 425 2324 signum
435 2264 501 2324 apud
515 2265 645 2324 septentri-
694 2280 739 2312 nus
749 2266 836 2323 fecere,
851 2266 921 2312 simul
931 2268 1030 2314 remissa
1039 2268 1071 2314 sit
1082 2268 1220 2314 mandator-

119 2338 291 2398 onispopnles.
318 2339 430 2384 Meminit
439 2338 563 2385 lohannes
573 2340 645 2400 Mag·
694 2341 765 2386 rhns?
783 2353 832 2385 non
847 2345 915 2401 puto,
931 2341 1040 2402 singulos
1055 2342 1118 2388 enim
1134 2345 1220 2390 tenent

118 2427 165 2459 nus
174 2419 200 2460 et
209 2414 257 2460 nlii.
282 2415 375 2461 Plinius
383 2414 435 2461 Lib.
442 2428 486 2462 xv.
494 2417 532 2463 30.
543 2415 645 2462 Μαι·
694 2431 739 2468 sna
747 2416 843 2464 delicta.

118 2504 164 2538 ru:
187 2490 242 2550 ι’μο
256 2491 379 2552 pccy'fero,
397 2495 424 2537 ul
440 2505 511 2552 quasa
526 2491 646 2552 pretendi

117 2742 245 2811 assigned
259 2742 312 2797 but
322 2741 371 2797 the
383 2741 440 2795 will
453 2746 484 2795 ιο
495 2757 619 2812 approre
633 2740 683 2795 the
697 2741 873 2795 convention.

174 2826 238 2879 VH.
277 2826 339 2880 The
353 2827 498 2880 remission
510 2826 544 2879 ot
555 2843 572 2879 a
583 2825 699 2896 penalty
710 2831 814 2880 cannot
827 2825 864 2880 be
875 2823 1013 2880 collected
1026 2825 1133 2898 merely
1144 2826 1219 2882 from

116 2911 229 2966 silence.
275 2910 341 2965 Itis
359 2927 506 2982 necessary
519 2910 582 2965 that
601 2910 682 2965 there
698 2911 732 2965 be
747 2909 840 2964 added
853 2926 930 2965 some
949 2918 1003 2975 act,
1017 2909 1108 2965 which
1127 2912 1219 2968 either

117 2996 151 3051 of
160 2995 240 3051 itself
248 2994 336 3051 shews
350 2995 514 3069 friendship,
537 3012 570 3051 or
581 3013 598 3051 e
609 2997 709 3067 leugue
726 3012 764 3051 on
775 2994 824 3050 the
835 2995 945 3067 ground
957 2997 990 3052 of
1002 2996 1168 3069 friendehip,
1186 3015 1219 3053 or

116 3099 153 3139 un
165 3081 281 3153 opinion
295 3082 329 3137 of
336 3081 386 3136 the
398 3082 537 3138 existence
552 3082 585 3137 oi
597 3083 701 3139 virtues
712 3082 803 3138 which
814 3100 880 3154 may
890 3083 953 3155 give
967 3084 1022 3139 rise
1036 3087 1067 3138 ιο
1082 3100 1099 3137 e
1113 3084 1218 3140 condo·

115 3169 214 3222 nation
226 3168 259 3221 of
272 3168 401 3240 previous
419 3174 493 3234 ects;
512 3168 638 3225 whether
652 3168 714 3224 that
730 3170 845 3240 opinion
859 3170 895 3224 be
910 3170 1058 3242 expressed
1075 3170 1104 3223 in
1119 3171 1217 3238 words,

116 3271 150 3308 or
160 3253 198 3324 hy
210 3271 305 3311 means
318 3256 352 3311 of
367 3255 460 3328 things
474 3256 566 3312 which
579 3256 619 3330 by
630 3261 738 3312 custom
749 3273 798 3311 are
817 3256 971 3329 appointed
982 3263 1013 3312 ιο
1028 3273 1134 3329 conrey
1148 3257 1217 3313 such

115 3356 254 3412 meaning.
