2986 5048
202 297 267 363 352
309 304 363 359 DE
384 302 476 359 FIDE
498 302 666 358 PUBLICA
689 302 769 369 Qut
790 301 952 359 BELLUM
972 301 1148 369 mrrun,
1169 296 1314 371 [luem

201 469 252 534 ire
268 469 316 532 od
332 467 496 532 arbitrum
514 488 614 550 quom
631 468 668 531 iu
677 466 746 549 jue,
764 463 918 530 rationem
931 459 1128 552 adjicienn'
1107 497 1127 536 ο
1144 459 1220 558 γᾶρ
1236 457 1314 534 duu-¹

202 563 306 646 τητῆς
327 561 370 632 ed
387 593 524 636 επιεικες
540 561 612 656 ὁρᾷ.
638 557 706 631 dd&
724 556 941 644 δικαστὴς
898 593 960 633 τον
980 559 1084 644 νόμον
1105 564 1164 632 cal
1183 592 1314 634 τουτον

202 661 294 735 ἕνεκα
310 657 479 744 διαιτητής
497 659 650 754 εὖρὲθη“’
630 692 719 735 οπως
735 659 777 729 το
794 659 934 734 ἐπιεικες
950 657 1061 761 ἰσχῦη·
1084 685 1168 729 mm
1184 665 1314 731 arbiter

203 766 241 830 id
261 766 347 850 quod
363 785 490 849 coquum
507 774 553 827 eet
573 764 716 850 rcepc'cit,
730 763 835 845 judeo
857 763 1019 847 legem:
1003 783 1069 828 cmo
1091 763 1222 829 arbiter
1243 763 1314 847 ejuc

203 865 254 929 rei
269 885 372 929 cauea
387 873 537 948 repertus
553 873 609 935 eet,
626 874 664 926 ut
680 861 802 928 caleret
818 862 969 947 aquitae.

277 962 298 1025 2
334 962 404 1038 Quo
427 959 460 1024 in
482 959 549 1024 loco
576 959 706 1044 aequius
730 980 793 1024 non
818 958 945 1045 proprio
970 957 1135 1047 significat,
1162 966 1202 1026 nt
1224 958 1311 1041 alibi,

203 1068 326 1148 pentem
351 1058 436 1123 illam
456 1057 597 1143 justitiae,
622 1079 693 1144 quo
713 1056 792 1146 logie
808 1079 917 1124 nonum
936 1058 1117 1145 generalem
1138 1080 1181 1127 ex
1202 1067 1311 1125 mento

203 1157 339 1224 unctoria
355 1156 518 1222 adductius
535 1155 769 1244 interpretetur,
791 1158 877 1240 (nam
894 1157 962 1222 haec
979 1166 1012 1222 et
1024 1154 1126 1244 judici
1144 1156 1312 1225 commisce

203 1260 265 1342 eet)
286 1256 342 1322 eod
368 1277 459 1321 omne
479 1255 521 1330 id,
545 1255 629 1341 qnod
645 1254 760 1321 rectius
781 1254 819 1321 tit
834 1276 927 1340 quam
944 1276 1008 1321 non
1024 1255 1070 1332 fit,
1094 1255 1193 1323 otiam
1216 1265 1311 1324 exus

198 1355 331 1445 juetiticc
352 1354 479 1442 proprie
499 1353 590 1419 dictee
611 1352 746 1442 regulae.
798 1354 862 1420 Sed
883 1353 961 1420 talea
982 1352 1094 1420 arbitri
1116 1353 1201 1421 mont
1225 1353 1310 1421 inter

203 1455 344 1542 privatos
360 1464 393 1519 et
416 1453 553 1539 ejrudem
575 1452 696 1538 imperii
713 1451 798 1519 cives
813 1452 994 1538 frequentes
1015 1461 1097 1530 eunt,
1115 1461 1152 1519 et
1167 1452 1310 1540 epeoieli-

203 1562 255 1620 ter
278 1552 463 1619 Christianis
485 1551 740 1616 commendantur
761 1551 803 1616 eh
827 1551 977 1638 Apostolo
1001 1551 1103 1616 Paulo
1125 1573 1148 1619 1.
1168 1551 1247 1619 (lor.
1267 1552 1310 1621 ri.

203 1650 304 1718 ite-in
327 1650 421 1717 dubio
447 1672 509 1714 nou
536 1649 631 1715 debet
656 1657 744 1715 tanta
766 1658 905 1736 poteetee
926 1671 1070 1716 concessa
1090 1648 1249 1740 intelligi:
1276 1650 1311 1718 in

204 1751 306 1817 dubiis
322 1748 413 1825 cuim,
436 1748 520 1834 quod
536 1747 694 1812 minimum
711 1756 768 1825 eet,
792 1748 971 1834 nequimurc
994 1748 1153 1835 precipue
1176 1748 1312 1835 veroid

203 1848 304 1914 locum
331 1848 427 1913 hebet
452 1848 534 1913 inter
561 1868 712 1912 summum
738 1856 925 1934 potestatem
948 1847 1133 1924 obtinentes,
1155 1847 1212 1933 qni
1239 1870 1313 1916 cunr

198 1945 336 2034 judicem
353 1968 543 2012 communem
559 1967 622 2011 uon
638 1945 784 2021 habeant,
804 1945 957 2011 arbitrum
982 1945 1129 2013 censendi
1152 1956 1230 2014 eunt
1253 1948 1312 2016 ed-

205 2045 366 2112 etrinxieec
383 2045 421 2110 iie
437 2045 564 2133 regulis,
583 2044 694 2131 quibne
706 2044 819 2131 judicie
836 2045 966 2111 officinm
983 2044 1137 2132 adstringi
1154 2046 1249 2114 nolet

280 2145 432 2211 XLVIII.
484 2144 567 2210 Illud
589 2151 695 2209 tamen
716 2143 942 2210 observandum
965 2152 1023 2220 ost,
1046 2143 1185 2209 arbitros
1210 2144 1312 2213 lectos

202 2243 362 2329 apopulis
382 2250 437 2307 aut
453 2242 580 2306 summis
601 2242 806 2327 potestatibus
822 2235 882 2307 lde
898 2241 1059 2329 principeli
1081 2242 1213 2330 nogotio
1237 2267 1312 2332 pro·

204 2340 348 2405 nuntiare
368 2339 494 2415 debere,
512 2360 574 2402 non
592 2339 632 2403 de
649 2340 858 2426 possessiones
884 2361 956 2405 nem
978 2340 1168 2425 possessorio
1186 2341 1312 2429 judicia

200 2437 281 2525 jurie
299 2435 396 2502 civilis
412 2444 498 2500 eunt:
512 2435 585 2522 jure
602 2438 742 2524 gentium
760 2439 937 2524 possidendi
947 2439 1001 2525 juo
1016 2438 1185 2505 dominium
1205 2443 1313 2531 ecqui·

204 2547 266 2604 tur.
311 2536 397 2612 Ideo,
414 2535 487 2601 dum
505 2556 598 2600 cauea
614 2537 820 2624 cognoscitur,
838 2536 915 2603 nihil
932 2546 981 2605 eet
995 2536 1220 2618 innovandum,
1236 2550 1308 2609 tum

204 2658 245 2701 ne
259 2634 471 2726 prejudicium
487 2633 551 2711 fiet,
569 2643 635 2700 tum
650 2635 724 2721 quia
740 2635 869 2702 difficilia
884 2646 933 2703 eet
945 2635 1149 2723 recuperatio.
1197 2638 1312 2706 Livius

247 2813 259 2848 l·
275 2815 315 2861 Dc
325 2811 459 2875 principali
468 2813 559 2873 ueqocic
570 2813 728 2873 pronuntiare
777 2811 840 2858 Vide
852 2811 979 2856 &munuc
991 2809 1096 2856 ilenrico
1103 2809 1149 2856 1v.
1161 2807 1220 2870 [eut
1228 2813 1313 2872 potine

202 2889 291 2948 debere,
306 2905 351 2937 non
366 2891 395 2936 de
407 2887 565 2949 poueceioroel
583 2889 613 2934 Id
623 2890 671 2934 dux
683 2890 726 2935 Se·
777 2900 841 2942 enm,
852 2885 893 2945 qui
904 2885 1000 2931 Semoni
1011 2884 1140 2931 Histonium
1151 2884 1257 2934 ulterius
1266 2888 1313 2936 de.

202 2965 296 3011 boudin
305 2966 400 3012 dIcebat
408 2964 433 3009 in
446 2963 608 3009 controvereirc
619 2963 727 3010 SulucIce.
778 2960 866 3021 duxit]

205 3182 275 3235 Τιοι
285 3178 376 3247 esaie·
389 3196 456 3232 mon
467 3179 525 3232 will
535 3181 627 3233 rather
638 3199 672 3250 po
684 3190 710 3234 ιο
725 3199 763 3234 an
775 3181 878 3236 arbiter
890 3180 956 3234 thou
967 3190 993 3236 ιο
1008 3198 1027 3234 ο
1034 3180 1126 3254 judee,
1142 3179 1253 3236 διοαωι
1266 3182 1311 3237 the

202 3264 304 3321 arbiter
318 3263 390 3317 lookc
405 3273 431 3318 ιο
446 3264 542 3335 eguity,
558 3265 599 3319 the
606 3266 691 3337 judpc
706 3275 732 3319 ιο
747 3267 810 3322 law.

260 3355 277 3405 2
305 3349 340 3404 In
355 3348 411 3404 thie
425 3349 514 3421 ploce,
527 3351 615 3421 cquity
630 3349 697 3405 doec
715 3356 767 3405 not
782 3367 873 3416 menn,
885 3368 916 3406 uc
931 3347 1090 3412 elsewhere,
1110 3347 1176 3405 thot
1189 3356 1259 3422 perc
1274 3351 1311 3408 οι

198 3436 301 3509 juetioe
324 3433 415 3490 which
435 3436 587 3508 iuterprete
609 3436 661 3491 the.
680 3436 732 3491 lew
752 3435 791 3508 by
810 3437 851 3492 ite
873 3435 989 3508 goncrel
1008 3432 1147 3504 tendency'
1164 3435 1226 3490 end
1243 3438 1308 3492 real

201 3539 331 3595 purpose,
347 3521 405 3589 (for
418 3522 475 3578 this
489 3527 554 3594 pert
567 3523 626 3578 aleo
641 3522 664 3576 ie
679 3523 843 3578 committed
858 3528 889 3577 to
904 3522 953 3577 the
963 3519 1051 3591 Jndgo
1060 3516 1081 3584 3)
1096 3518 1150 3574 bnt
1164 3520 1188 3574 lt
1203 3537 1307 3577 moene

201 3608 366 3680 everything
383 3607 473 3662 thch
491 3609 515 3664 ie
531 3609 626 3664 better
643 3609 716 3664 done
736 3600 805 3663 than
823 3615 875 3664 not
893 3608 974 3671 done,
992 3621 1061 3660 eren
1080 3609 1252 3661 extraneum
1271 3613 1306 3662 to

200 3694 251 3747 the
265 3692 340 3746 rulee
359 3693 392 3746 of
399 3694 510 3761 justice,
525 3695 657 3766 properly
671 3710 702 3749 eo
722 3694 822 3750 celled.
868 3693 945 3749 Such
962 3690 1080 3746 erbitere
1095 3705 1144 3744 ere
1158 3690 1307 3763 frequent,

200 3777 230 3829 ln
243 3791 320 3830 coece
332 3774 458 3829 between
470 3778 579 3848 prireto
589 3794 704 3846 persone
716 3779 773 3833 and
785 3780 898 3834 citicenu
911 3779 944 3832 of
954 3778 1003 3831 the
1013 3791 1090 3830 mure
1102 3776 1228 3846 empire3
1244 3778 1306 3833 end

201 3876 250 3913 ure
264 3858 413 3929 especially
427 3862 611 3916 commended
626 3868 656 3916 ιο
672 3862 827 3919 Christiane
847 3864 884 3934 by
905 3865 939 3919 St
953 3860 1033 3926 Peul,
1057 3866 1071 3915 1
1088 3860 1153 3915 Gor.
1168 3861 1227 3927 ric
1248 3861 1306 3919 but

200 3945 263 3999 lna
286 3942 417 3997 doubtful
436 3960 509 4007 cene,
530 3961 571 4000 we
594 3963 643 4000 uro
657 3952 708 4001 not
727 3954 758 4002 to
778 3965 899 4019 enppoee
921 3949 983 4003 thet
1006 3962 1037 4001 eo
1056 3945 1141 4000 much
1164 3962 1263 4018 power
1278 3949 1305 4005 ia

200 4028 327 4102 neeignod
342 4033 373 4083 to
387 4027 474 4102 thern.
511 4031 569 4085 For
582 4032 612 4086 in
627 4032 759 4088 doubtful
773 4051 859 4098 caece,
873 4052 914 4089 we
928 4048 1037 4088 eoenme
1052 4048 1083 4085 ae
1097 4031 1172 4086 little
1186 4049 1220 4087 ae
1235 4049 1306 4106 may

199 4115 244 4170 be.
291 4115 355 4170 And
377 4114 433 4170 thie
453 4117 602 4191 eepecInlly
614 4119 705 4183 holds,
722 4119 850 4174 between
870 4120 975 4191 pertice
993 4118 1054 4172 who
1077 4116 1148 4172 heve
1166 4133 1305 4189 supreme

199 4201 361 4272 authorityc
382 4201 428 4256 for
445 4201 533 4268 these,
554 4205 630 4260 uinco
648 4205 716 4278 they
734 4205 805 4261 have
823 4222 861 4260 no
879 4221 1009 4260 common
1027 4202 1124 4274 judge,
1141 4219 1191 4257 are
1216 4209 1248 4258 ιο
1263 4204 1306 4262 bo

199 4286 339 4356 enppoeed
353 4292 384 4341 ιο
398 4287 470 4342 heve
485 4289 580 4345 bound
595 4290 643 4347 the
665 4292 772 4347 arbiter
788 4291 826 4363 by
841 4290 891 4346 tho
904 4290 979 4345 rulce
993 4289 1031 4362 by
1046 4285 1137 4342 which
1151 4287 1203 4344 the
1218 4291 1306 4348 office

198 4367 233 4422 of
244 4385 262 4421 a
271 4369 360 4438 judgo
374 4372 397 4426 ie
412 4376 571 4447 commonly
584 4377 690 4432 bound.

256 4451 390 4507 XLVIII.
433 4456 502 4510 'I'hie
520 4458 649 4516 however
665 4461 690 4515 Ie
704 4466 734 4516 te
748 4462 785 4517 be
799 4461 956 4527 remnrked,
973 4459 1036 4517 thet
1053 4457 1173 4515 orbitere
1191 4459 1305 4519 chonon

387 4542 403 4571 Q
