2986 5048
315 294 378 361 260
528 301 882 361 111111111111111111
904 302 1019 360 amca
1041 303 1197 361 carros.
1275 299 1350 375 [uus
1364 301 1423 358 111

151 490 262 575 pappa.
270 488 303 534 103
313 465 376 533 alis
392 471 513 553 spectat
529 465 582 530 lex
599 464 740 530 Hebraea
763 464 800 529 in'
818 463 963 530 sabbathi
988 462 1190 539 institutione,
1214 461 1363 528 nimirum
1384 469 1423 528 ut

150 580 302 674 i‘s'fiJiff
315 564 473 631 laboribus
489 563 614 650 aliquod
632 563 760 628 daretur
774 562 1007 649 spiramentum.
1055 564 1099 628 Et
1115 562 1151 627 Ο.
1171 561 1263 626 Plinii
1286 561 1422 648 epistola

152 673 180 712 ¹⁹·
315 664 358 729 sd
382 662 544 728 Paulinum
570 683 640 747 qum
663 661 707 726 sic
730 661 855 747 incipit:
881 663 973 726 video
993 683 1092 746 qaam
1110 662 1251 727 molliter
1270 672 1343 727 taos
1360 662 1424 724 ha·

317 765 403 838 beas,
431 783 493 845 qao
519 762 706 847 simplicius
730 761 899 842 confitebor
922 761 985 824 tibi
1007 781 1073 842 qua
1098 761 1307 845 iadalqemtia
1334 781 1423 824 meos

318 873 461 927 tractem
513 862 579 924 Est
600 861 683 924 milri
707 879 830 943 semper
851 860 889 923 in
911 860 1021 923 animo
1044 869 1075 922 et
1096 860 1310 924 Homericam
1332 859 1422 923 iliad

316 955 428 1053 ἑκυρὸς
450 952 485 1026 δὲ
507 953 623 1051 πατὴρ
645 954 685 1029 oie
711 949 804 1037 ἤπιος
828 947 893 1036 ἦεν,
922 968 953 1021 et
982 958 1041 1022 hoc
1068 969 1214 1023 rostram
1244 957 1421 1021 Parnass-

317 1078 437 1122 1111111.

154 1173 261 1224 1111111
394 1159 416 1221 2
449 1157 488 1220 In
510 1156 620 1222 eadem
641 1176 717 1221 voce
738 1162 880 1222 veterum
896 1154 1122 1222 humanitatem
1139 1155 1287 1221 observat
1304 1161 1337 1220 ct
1363 1156 1419 1222 So-

317 1276 413 1322 ncca:
431 1277 471 1321 me
485 1257 571 1320 illud
584 1257 712 1338 quidem
723 1257 841 1321 videtis
854 1276 952 1337 qaam
964 1277 1087 1320 ommam
1101 1256 1267 1321 invidiam
1280 1255 1421 1338 majores

317 1356 423 1421 nostri
439 1356 586 1429 dominia
604 1376 727 1420 omnent
743 1355 969 1419 contemeliam
985 1354 1087 1419 serris
1103 1354 1341 1420 detraxerint?
1362 1355 1418 1418 'do-

318 1456 441 1518 minum
468 1453 741 1538 patremfamilias
774 1453 1030 1538 appellaverant,
1065 1444 1185 1518 iservos
1208 1453 1419 1536 familiares.

156 1552 403 1617 omrsp.sc1)10n
431 1550 620 1616 Prusaeeusis
647 1549 798 1636 optimum
827 1571 936 1638 regem
965 1549 1161 1617 describens:
1188 1542 1360 1624 δεσπότην
1385 1543 1421 1618 ie*

319 1647 383 1744 οὐχ
407 1646 492 1723 ὅπως
520 1652 589 1717 τῶν
615 1644 804 1740 ἐλευθέρων,
827 1644 922 1716 α’λλᾶ
944 1640 1025 1728 μηδὲ
1052 1651 1121 1718 τῶν
1142 1641 1268 1719 δούλων
1290 1650 1422 1742 χαίρειν

320 1745 531 1832 καλούμενον·
557 1750 688 1814 domiai
714 1770 827 1815 nomen
860 1749 942 1814 adeo
967 1750 1005 1813 in
1031 1749 1173 1814 homines
1203 1749 1322 1814 liberos
1354 1771 1421 1814 oon

154 1861 256 1957 mv·
265 1861 307 1909 21³.
319 1859 469 1934 usurpat,
489 1860 525 1912 at
541 1859 572 1912 et
587 1849 624 1912 irs
639 1868 746 1912 seros
762 1868 797 1912 eo
813 1846 986 1912 abstineat.
1030 1838 1184 1933 ¹U1ysss
1200 1847 1287 1933 apud
1304 1847 1423 1912 Home-

320 1970 392 2012 rum
419 1967 536 2022 serros,
562 1966 640 2031 quos
661 1944 739 2011 fidos
763 1942 891 2030 reperit,
912 1944 997 2030 apud
1022 1966 1056 2010 sc
1080 1945 1126 2011 sit
1147 1945 1271 2011 futuros
1293 1966 1332 2011 eo
1354 1946 1422 2011 loco

155 2054 278 2104 1111111
321 2044 409 2131 quasi
425 2043 603 2110 Telemachi
619 2042 673 2107 filii
689 2042 786 2129 ipsius
801 2042 916 2109 fratrea
930 2051 1042 2108 essent
1078 2043 1291 2111 Tertullianus
1304 2037 1423 2130 :lyra-

321 2147 387 2210 tiss
415 2155 461 2209 est
488 2165 601 2207 momen
623 2143 763 2227 pietates
789 2162 889 2226 qaam
912 2143 1109 2226 potestatis:
1141 2145 1244 2208 etiam
1268 2145 1423 2228 familior

154 2258 305 2307 roms-sut
320 2244 426 2326 mapis
446 2253 564 2326 patres
596 2262 696 2325 quam
729 2241 857 2305 domim
889 2252 1054 2305 vocantur.
1106 2240 1324 2329 Hieronymus
1358 2242 1424 2307 sive

318 2338 468 2403 Paulinus
484 2336 525 2401 ad
543 2336 715 2401 Celautiam
728 2360 736 2402 τ
749 2339 926 2421 familiam
943 2349 1035 2403 taam
1051 2341 1104 2403 ita
1119 2361 1193 2424 repe
1214 2351 1246 2405 et
1263 2343 1426 2407 constitae

317 2450 355 2502 at
374 2449 402 2502 te
418 2448 556 2501 matrem
575 2436 681 2519 mapis
702 2448 833 2501 tuorum
849 2459 949 2522 qaam
968 2439 1134 2502 dominam
1151 2440 1261 2504 videri
1280 2441 1375 2516 velis,
1402 2462 1425 2504 a

317 2539 432 2622 quibus
448 2535 646 2620 beaipsitatc
656 2536 770 2618 potius
787 2557 884 2620 qaam
903 2537 1071 2601 severitate
1087 2538 1177 2621 esipe
1196 2540 1424 2604 reverentiam.

321 2710 412 2757 ensium
423 2724 480 2758 vero
489 2710 514 2756 in
525 2723 606 2758 servos
618 2709 720 2757 lenitate
728 2710 783 2757 ride
793 2710 846 2757 Xe·
894 2709 970 2756 111111
983 2709 1065 2767 reris,
1082 2723 1134 2757 cam
1152 2710 1307 2770 crediderint,
1322 2712 1431 2758 mitiores

319 2785 467 2844 nophoutam
483 2786 512 2833 de
521 2785 654 2846 Republica
664 2785 846 2842 Atheniensium,
895 2798 943 2830 eree
952 2784 1034 2831 debere
1038 2800 1049 2840 ,·
1060 2785 1194 2845 probatque
1203 2786 1229 2831 ld
1240 2786 1348 2846 apostoli
1358 2786 1428 2832 Pauli

319 2858 349 2920 (5
361 2861 383 2908 9.
395 2866 418 2906 et
426 2875 490 2922 seqq.
505 2861 555 2907 Ed.
568 2860 660 2919 Osos.)
894 2859 926 2905 ad
936 2858 1053 2918 Ephesios
1062 2859 1155 2905 verbis:
1170 2859 1316 2906 Lactantius
1328 2861 1392 2907 libro
1402 2873 1429 2907 v.

364 2933 371 2969 Ι
386 2934 472 2982 Smer
479 2934 632 2994 familiares]
648 2933 746 2981 Amicos
756 2933 847 2994 Epicu·
896 2934 1000 2993 cap.16.
1029 2932 1081 2979 Nec
1093 2932 1147 2978 alia
1162 2947 1239 2980 coum
1253 2940 1289 2982 est
1303 2949 1347 2982 cer
1360 2936 1430 2982 mea

319 3021 370 3056 me.
401 3011 492 3056 Seneca
501 3009 615 3068 Epistola
625 3019 688 3054 cvn.
896 3003 993 3049 invicem
1009 3003 1121 3062 flatrum
1146 3017 1229 3050 eom
1253 3005 1431 3065 inpertiam

364 3080 377 3114 Ι
396 3080 504 3140 Ulyerer]
530 3081 606 3139 Cujus
629 3085 755 3139 paternam
775 3080 801 3125 in
821 3093 847 3126 se
895 3079 943 3125 aiei
952 3078 1011 3139 qaia
1016 3093 1201 3138 poreeesreace
1211 3080 1338 3128 credim
1360 3082 1431 3128 Nan

319 3154 493 3212 benignitatem
508 3154 624 3213 praedicat
640 3154 753 3199 Eumaeus
770 3154 847 3212 Odys·
896 3166 948 3200 mm
957 3153 1037 3198 omnio
1046 3153 1149 3198 humana
1159 3167 1206 3199 non
1215 3167 1318 3212 corpore
1327 3155 1373 3202 sed
1380 3157 1432 3216 rpi-

320 3241 365 3276 ιω
375 3229 398 3288 ε.
410 3229 541 3286 (vennas,
551 3227 656 3287 asma)
896 3226 946 3272 ria
955 3226 1085 3283 mamus,
1102 3229 1333 3287 amnesamnes
1343 3231 1379 3277 sa
1391 3231 1432 3277 a·-

366 3299 848 3361 ¹Grutiurertnomenpietattrquam
896 3300 1094 3359 miscendam,
1115 3301 1431 3352 mittamur-einos

316 3374 454 3439 pmutotis]
481 3377 559 3424 Notat
579 3380 604 3423 et
625 3375 759 3436 Cyprianus
778 3376 847 3421 testi·
896 3373 1434 3441 mresdeceethateeruaetdicimepi·

320 3453 454 3501 monianum
466 3464 505 3500 ¹11.
521 3452 583 3515 §ss
598 3451 633 3497 ad
645 3450 787 3511 Quirinum:
804 3449 847 3496 clo·
896 3449 945 3495 ritu
957 3449 1063 3510 fiatres,
1083 3450 1197 3510 relisisse
1212 3465 1346 3502 commu.
1378 3455 1432 3503 Au·

320 3679 454 3734 serrant’e
465 3679 570 3744 health,
582 3681 613 3735 in
624 3681 673 3737 tho
684 3680 761 3737 work
773 3680 903 3752 required
915 3679 948 3735 oi
959 3680 1027 3734 him
1071 3679 1137 3736 And
1148 3680 1214 3746 this,
1225 3699 1334 3756 among
1345 3684 1432 3740 other

321 3761 424 3830 things,
441 3763 465 3816 is
486 3765 579 3818 aimed
600 3771 630 3819 at
652 3766 683 3818 in
701 3765 751 3821 tha
770 3766 929 3820 institution
947 3765 981 3819 of
995 3765 1045 3821 the
1059 3765 1182 3821 Hebrew
1196 3767 1348 3835 Sabbath3
1367 3770 1432 3825 that

321 3844 402 3900 there
416 3862 481 3916 may
497 3847 533 3900 bo
548 3863 565 3899 a
582 3849 732 3919 breathiug
746 3850 815 3903 time
828 3849 904 3904 from
918 3849 1025 3904 labour.
1071 3851 1110 3904 So
1125 3851 1218 3923 Pliny,
1233 3858 1265 3908 to
1282 3854 1434 3920 Paulinus,

320 3928 421 4001 speaks
436 3929 469 3983 of
479 3928 553 3984 their
567 3947 697 3986 common
709 3934 841 3988 kinduese
855 3939 885 3989 to
900 3935 975 3990 their
986 3935 1087 4000 elavem
1103 3937 1222 4008 quoting
1234 3937 1356 4006 Homer,
1369 3940 1434 3995 who

321 4014 421 4087 speaks
444 4014 477 4068 of
491 4015 587 4070 Priem
602 4017 687 4088 being
707 4018 810 4089 almam
822 4019 889 4074 kind
906 4037 938 4075 aa
956 4021 1097 4090 asstiters
1119 4021 1177 4076 aud
1196 4022 1299 4095 seying
1313 4023 1382 4081 that
1395 4025 1436 4081 he

321 4100 423 4170 always
437 4100 583 4156 recollecta
598 4102 647 4158 the
661 4105 773 4158 Roman
784 4103 861 4159 word
875 4106 1095 4176 Paterfamilias.

375 4191 392 4237 2
422 4186 461 4240 So
478 4187 584 4242 Seneca
594 4189 696 4260 judges
711 4189 745 4244 of
755 4190 861 4245 lessons
876 4191 1026 4245 contained
1047 4191 1076 4244 in
1097 4189 1154 4245 this
1170 4191 1250 4246 word
1260 4194 1436 4270 paterfami-

323 4266 452 4332 1111111111
467 4273 496 4325 in
511 4272 561 4327 the
577 4290 661 4329 name
674 4275 721 4329 for
735 4275 833 4340 alares,
839 4276 1006 4348 familiares.
1051 4276 1089 4330 So
1104 4275 1161 4330 Dio
1178 4276 1358 4335 Pmmssensis
1369 4298 1436 4354 says

321 4351 385 4404 that
399 4369 417 4406 a
430 4355 504 4423 good
520 4356 589 4427 king
603 4358 659 4412 will
672 4363 724 4413 not
738 4359 795 4414 like
809 4358 858 4414 the
872 4365 945 4414 term
962 4368 1069 4427 master,
1084 4365 1137 4414 not
1157 4360 1227 4433 only
1240 4364 1277 4418 of
1293 4365 1437 4432 freemeu,

322 4432 376 4489 but
389 4451 460 4492 areu
473 4436 508 4491 of
521 4437 619 4496 slaves.
647 4440 771 4514 Ulysess,
785 4441 815 4496 in
829 4442 946 4510 Homer,
958 4461 1022 4519 says
1036 4445 1100 4501 that
1110 4444 1161 4500 tho
1175 4445 1268 4505 alares
1282 4449 1350 4507 who
1362 4451 1439 4509 have
