2986 5048
114 316 185 371 Gar.
201 312 283 382 vla]
436 317 489 372 ΒΕ
510 317 609 372 man
632 317 676 371 IN
698 317 896 374 csrtlvos.
1162 313 1224 374 155

192 480 215 542 3
248 477 289 541 In
305 483 414 542 nostra
430 498 504 542 vero
522 477 692 563 quastione
708 478 794 544 nulla
818 500 911 544 causa
932 479 1008 569 fingi
1030 489 1143 568 potest,
1169 505 1225 548 cur

118 583 230 666 gentes
246 574 333 640 aliud
354 576 563 662 spectaverint
580 598 673 662 quam
696 587 862 642 externum
879 578 971 644 illud:
996 602 1067 644 nam
1093 581 1237 646 facultas

119 674 298 742 vindicandi
323 696 460 751 servum,
480 670 520 740 'et
542 676 683 763 cogendi,
701 675 763 741 imo
784 685 816 741 et
840 677 1003 754 vinciendi,
1027 688 1060 745 st
1082 702 1134 745 res
1156 679 1225 766 ejus

119 772 265 850 habendi,
283 773 454 839 sufficiebat
469 784 506 839 ut
522 775 620 860 captis
642 783 784 862 captores
803 775 919 842 vellent
943 799 1094 862 parcere:
1117 788 1173 845 aut
1197 779 1225 844 si

120 872 260 940 temleri
275 881 380 938 essent
393 881 430 938 ut
445 872 513 938 istis
529 873 715 939 utilitatibus
737 894 800 938 non
825 885 1033 953 moverentur,
1057 887 1142 943 certe
1167 900 1225 944 nec

120 981 278 1037 moturum
301 992 355 1036 eos
377 972 481 1036 iuerat
506 971 662 1037 vinculum
687 971 812 1057 aliquod
834 973 944 1038 animis
966 974 1121 1061 injectum,
1140 978 1225 1062 quod

121 1069 224 1157 ipsum
239 1079 344 1135 umen
359 1069 387 1134 si
403 1069 527 1135 omnino
544 1070 602 1135 sibi
623 1070 829 1136 necessarium
852 1073 1025 1152 crederent,
1051 1068 1225 1162 1¹poterant

121 1168 252 1257 exigere
267 1168 360 1234 fidem
379 1177 435 1234 aut
446 1168 673 1256 jusjurandum.

197 1270 221 1332 4
249 1267 362 1353 Neque
376 1289 451 1333 vero
468 1277 585 1333 temere
601 1268 634 1331 in
651 1268 730 1357 lege,
748 1291 819 1354 quae
836 1290 898 1334 non
915 1291 955 1335 ex
972 1270 1118 1358 aequitate
1135 1281 1224 1338 natu·

121 1365 183 1433 rali
205 1366 260 1432 ssd
283 1364 409 1452 majoris
433 1366 506 1432 mali
523 1366 640 1433 vitandi
665 1389 758 1432 causa
780 1369 845 1433 lata
869 1377 926 1446 est,
948 1392 986 1435 ea
1009 1371 1158 1436 sumenda
1176 1380 1225 1437 est

121 1465 341 1552 interpretatio
365 1487 436 1551 quae
462 1475 590 1552 peccato
618 1467 783 1531 obnoxium
810 1467 904 1532 iaciat
934 1479 1038 1534 actum
1066 1469 1224 1556 ceteroqui

121 1564 251 1631 licitum.
302 1563 500 1630 Florentinus
521 1565 774 1641 Jurheonsultus,
797 1568 1044 1645 titillasset,
1069 1571 1224 1653 quomodo
1236 1585 1376 1678 miqq-

121 1666 275 1749 captivas
297 1686 443 1730 reserate
467 1673 535 1730 est:
560 1677 671 1728 atrum
695 1667 860 1757 dimissus,
891 1689 937 1729 cn
958 1669 993 1730 oi
1016 1667 1224 1751 vclfcllqcia
1237 1679 1291 1724 art

116 1775 312 1848 potestatem
334 1764 475 1828 bostiam
499 1766 645 1830 macerit.
693 1762 848 1826 Nimirum
866 1763 940 1847 quia
955 1765 1014 1828 hoc
1027 1763 1079 1848 jus
1096 1764 1225 1850 captivi·

122 1861 199 1926 tatis
220 1861 267 1926 ita
283 1861 337 1948 jus
362 1870 418 1937 est,
447 1871 483 1926 ut
507 1862 568 1926 alio
591 1883 684 1925 sensu
706 1860 889 1946 plerumque
912 1871 945 1926 et
965 1862 1078 1948 injuria
1095 1863 1144 1939 sit,
1164 1885 1225 1949 quo

121 1959 246 2026 nomine
263 1970 297 2026 et
313 1982 333 2026 a
350 1960 446 2024 Paulo
458 1960 679 2045 jurisconsulto
697 1957 915 2026 ⁷nominatur:
936 1959 997 2047 jus,
1016 1962 1119 2045 quoad
1136 1962 1225 2027 effeo
1238 1974 1381 2059 mpsim·

122 2067 174 2124 tus
189 2058 355 2145 quosdam:
382 2058 505 2145 injuria,
523 2058 548 2123 si
565 2059 597 2124 id
613 2059 697 2144 quod
713 2057 760 2123 rei
777 2058 976 2124 intrinsecum
994 2070 1042 2125 est
1058 2069 1224 2147 spectetur.

123 2157 217 2223 Unde
234 2167 268 2224 et
283 2159 343 2223 hoc
356 2166 496 2244 apparet,
511 2156 537 2223 si
555 2157 624 2243 quis
640 2158 721 2223 bello
739 2156 853 2244 injusto
866 2168 975 2245 captus
991 2159 1023 2223 in
1039 2169 1226 2247 potestatem

120 2255 257 2322 hostium
275 2256 405 2334 venerit,
423 2257 464 2322 ab
481 2278 518 2321 eo
541 2278 604 2321 non
624 2256 804 2322 attaminari
828 2257 905 2322 furti
928 2258 1055 2325 crimine
1079 2258 1226 2337 animum,

121 2428 240 2490 injustitIa
248 2431 444 2478 illslntrinseca:
459 2432 518 2478 alias
531 2446 576 2491 pro
585 2436 651 2478 certo
700 2446 767 2479 mser
783 2433 814 2479 ab
830 2436 949 2481 extraneis
965 2435 1118 2491 detinebatur,
1134 2436 1227 2496 signiti-

122 2518 213 2566 ponsrs
223 2507 351 2564 debuisset,
362 2508 442 2553 omnia
451 2507 515 2554 bella
529 2508 651 2553 Romano·
701 2514 758 2555 cant
770 2512 865 2554 tantum
877 2524 924 2568 per
937 2510 990 2565 cim,
1004 2512 1053 2556 sive
1065 2511 1164 2570 justam,
1179 2510 1228 2555 sive

123 2595 177 2627 rum
188 2581 258 2640 jnsts
274 2583 355 2638 inisse,
372 2596 446 2642 quum
463 2582 556 2628 nullum
571 2583 651 2638 tuerit,
701 2583 897 2642 injustam,quod
913 2590 1007 2643 spectat
1018 2584 1096 2643 ipsum
1111 2585 1227 2630 Hostem:

123 2657 149 2702 ln
164 2670 214 2717 qno
231 2655 279 2703 Jns
295 2657 439 2703 Postliminii
452 2658 532 2702 locum
548 2671 595 2702 non
608 2657 651 2701 ha·
702 2662 728 2703 et
738 2672 767 2703 eo
781 2671 852 2702 sensu
867 2658 970 2702 sumitur
974 2672 1021 2716 per
1031 2658 1151 2713 injuriam,
1161 2659 1187 2702 in
1197 2658 1227 2705 L.

124 2732 202 2779 barat.
232 2733 281 2778 Sed
300 2733 325 2777 in
343 2732 371 2778 L.
390 2732 427 2779 19.
444 2731 475 2778 D.
496 2731 526 2777 de
543 2731 612 2791 Capi.
631 2735 653 2776 et
701 2731 830 2790 3.§2.1).
845 2730 1228 2790 AdLeq.Jal.deciprioata,ut

127 2808 239 2855 Portitor.
257 2809 330 2853 verba
347 2807 396 2864 illa,
412 2812 437 2852 at
452 2807 494 2866 qai
511 2820 564 2852 rna
581 2819 653 2852 issu·
702 2805 841 2850 adtendenti
853 2805 952 2862 patebit.
982 2805 1009 2850 J.
1021 2806 1054 2850 B.

760 2951 914 2958 ...—---

129 3054 170 3109 isis
185 3071 254 3109 own.
298 3054 357 3108 But
373 3055 445 3107 what
460 3055 501 3108 tlte
508 3055 593 3126 judeo
610 3053 710 3107 ciceides
731 3052 866 3123 sincerely,
883 3069 943 3106 soen
960 3051 992 3122 is
1003 3068 1104 3122 wrong,
1122 3049 1145 3104 is
1164 3051 1226 3105 low.

129 3141 197 3194 aaa
207 3142 267 3195 thus
278 3141 318 3194 tte
328 3157 401 3194 sams
412 3140 487 3210 thing
498 3141 588 3193 would
602 3142 630 3193 bs
641 3140 713 3209 sight
725 3140 783 3192 aad
793 3148 839 3192 not
850 3139 932 3208 sight.

189 3232 205 3281 3
231 3226 288 3280 But
300 3227 329 3279 in
344 3242 397 3279 our
410 3227 548 3296 question,
566 3221 702 3294 [whether
714 3242 731 3278 a
745 3225 855 3296 captive
870 3242 934 3295 may
948 3216 1068 3294 escape]
1090 3239 1127 3277 no
1145 3238 1229 3278 cause

131 3327 185 3366 can
206 3311 244 3366 be
261 3311 374 3366 devised
391 3311 454 3382 why
471 3312 583 3365 natione
601 3309 703 3364 should
722 3310 794 3364 hare
813 3311 939 3381 imposed
959 3327 1014 3380 any
1026 3308 1102 3362 bond
1117 3308 1229 3379 beyond

131 3396 182 3450 tho
204 3397 329 3451 extemal
353 3413 416 3450 one.
460 3397 517 3450 For
539 3395 589 3450 tho
610 3395 686 3465 right
709 3397 742 3449 of
757 3396 889 3465 claiming
906 3413 923 3448 a
944 3396 1028 3455 slave,
1050 3393 1083 3446 of
1100 3394 1230 3462 coercing

131 3481 200 3546 him,
212 3499 282 3536 evcn
294 3482 327 3536 of
338 3483 452 3554 putting
468 3481 570 3535 himin
584 3481 689 3545 chains,
701 3481 756 3533 and
772 3481 805 3533 of
816 3480 938 3550 keeping
959 3479 1003 3531 his
1017 3483 1160 3546 property,
1175 3493 1230 3530 was

132 3568 270 3623 sufficient
289 3574 320 3622 to
344 3568 445 3621 induce
461 3573 572 3638 captors
594 3572 625 3620 to
645 3582 727 3637 sparo
742 3565 817 3619 their
831 3564 974 3634 captives,
995 3578 1028 3615 or
1039 3560 1065 3614 if
1076 3560 1144 3630 thoy
1158 3576 1231 3615 were

132 3669 163 3708 so
178 3670 279 3724 satage
290 3670 321 3706 as
341 3659 391 3708 not
406 3660 435 3706 to
450 3652 487 3707 bo
510 3652 609 3706 movcd
624 3652 662 3722 by
676 3650 756 3704 those
776 3650 956 3718 advantffles,
975 3646 1043 3718 thoy
1063 3646 1155 3699 would
1170 3662 1232 3699 cer·

133 3738 222 3810 tainly
244 3744 295 3793 not
314 3739 351 3793 be
369 3738 470 3792 movcd
486 3738 523 3809 by
544 3737 606 3791 that
624 3735 732 3791 mental
754 3735 847 3798 bond;
865 3734 922 3787 and
943 3750 1013 3788 even
1035 3730 1100 3796 this,
1123 3733 1149 3785 if
1163 3730 1232 3803 they

130 3823 237 3895 judged
251 3824 275 3877 it
288 3840 443 3894 necessary,
455 3823 522 3894 they
534 3822 624 3892 might
635 3821 756 3876 demand
767 3810 799 3874 as
811 3838 828 3874 a
842 3822 963 3892 promise
975 3836 1008 3874 or
1023 3817 1099 3873 cath.

192 3914 210 3962 4
237 3910 301 3964 Nor
326 3926 375 3964 ars
394 3925 435 3963 we
455 3908 564 3979 tightly,
588 3908 617 3961 in
638 3926 656 3961 a
673 3908 726 3962 law
739 3906 829 3961 which
849 3908 873 3961 is
891 3905 1070 3968 established,
1083 3912 1134 3959 not
1155 3920 1232 3975 upon

134 3994 246 4048 natural
257 3995 362 4065 eqnity,
373 3995 426 4048 bu't
437 3994 482 4046 for
500 3993 549 4047 tho
567 3993 635 4047 sake
649 3993 683 4046 of
694 3993 824 4062 avoiding
838 4010 856 4045 a
869 4000 981 4063 gromen
1000 3992 1062 4053 evil,
1077 3996 1107 4043 to
1122 4004 1232 4043 assume

135 4095 172 4132 an
186 4080 401 4151 interpretation
416 4078 506 4132 which
522 4078 613 4133 would
628 4078 710 4130 make
724 4077 858 4130 unlawful
875 4094 912 4130 an
930 4081 977 4129 act
997 4075 1144 4129 otherwise
1166 4073 1233 4123 law-

135 4164 186 4218 ful.
232 4165 271 4219 So
291 4164 341 4218 the
359 4165 522 4218 Florentiae
542 4162 649 4224 Jurist;
672 4162 701 4214 It
725 4161 814 4213 makes
837 4178 872 4212 oo
894 4161 1030 4228 differente
1053 4158 1111 4209 how
1131 4173 1149 4208 a
1168 4172 1234 4224 cop-

136 4250 186 4304 tioe
199 4259 315 4314 returns,
327 4251 439 4304 whether
454 4251 483 4302 be
495 4251 543 4301 bos
559 4248 618 4300 beers
632 4255 668 4299 set
682 4254 712 4299 ct
726 4245 819 4313 liberty
831 4262 863 4296 or
879 4243 987 4312 sacoped
998 4244 1032 4311 by
1046 4249 1091 4292 art
1105 4240 1231 4308 orsorcs.

135 4335 193 4391 For
203 4336 234 4390 in
247 4335 315 4399 fact,
328 4335 384 4389 this
398 4334 474 4405 right
491 4334 525 4387 oi
540 4331 674 4402 captivity
687 4331 710 4384 is
726 4347 744 4384 a
755 4329 839 4399 right,
851 4329 881 4381 in
899 4325 967 4381 such
986 4344 1003 4380 a
1021 4341 1102 4380 sense
1121 4324 1184 4378 that
1205 4327 1234 4378 in

134 4419 257 4476 another
276 4437 357 4477 sense
376 4420 441 4475 itis
459 4417 616 4490 commonly
638 4432 777 4486 swrong:
809 4431 839 4469 as
866 4414 889 4468 it
911 4414 935 4468 is
961 4411 1051 4467 cnllcd
1071 4411 1109 4483 by
1130 4411 1235 4466 Paulus
