2986 5048
131 305 201 362 θεν.
214 298 282 367 xi]
358 300 654 357 INTERFICIENDI
675 303 719 358 IN
741 303 865 360 untho
886 304 1017 363 JUSTO.
1172 297 1238 362 213

130 469 262 534 urbium
282 467 544 550 enpnyrsotioncs,
565 468 708 531 seeundo
720 467 854 550 prelia,
875 478 906 532 et
928 469 959 532 si
976 469 1057 549 quid
1078 468 1175 532 aliud
1200 471 1238 533 t'n

131 568 212 633 bello
223 587 427 651 prospere-m,
448 567 686 648 soepefortunoe
702 569 809 648 monis
827 587 925 650 quam
941 567 1060 630 virtuti
1073 567 1235 632 debentur.

130 666 176 731 Ae
190 667 226 730 in
247 685 372 730 summo
388 664 526 746 imperio
549 664 646 728 violis
660 665 922 728 misericordiam
941 666 1114 749 impartiri
1136 667 1237 731 solius

125 764 314 849 prudentiss
339 783 421 846 opus
449 771 505 825 est.
560 760 658 846 Apud
693 760 836 826 Curtium
864 760 1014 849 legimus:
1048 764 1236 830 Alexander
1249 783 1295 824 ιιι.
1306 786 1334 824 ιι.
1345 786 1362 824 1.

131 882 324 947 quanquam
339 860 415 925 belli
436 859 628 924 auctoribus
636 860 713 943 jure
730 872 862 946 poterat
878 862 992 938 irasci,
1011 874 1119 927 tanton
1135 866 1237 929 omni-

133 962 193 1026 bns
209 960 307 1025 venie
322 960 417 1026 dota.

208 1057 301 1126 VIII.
343 1054 396 1121 De
413 1076 488 1121 nece
500 1063 605 1121 autem
621 1078 738 1135 eorum,
754 1056 808 1144 qui
818 1079 891 1123 casu
907 1081 971 1125 non
983 1058 1138 1126 destinato
1155 1061 1235 1127 occi-

28 1162 38 1171 '
133 1155 260 1231 duntur,
282 1153 462 1230 tenendum,
484 1154 568 1239 quod
584 1176 680 1240 supra
702 1155 845 1235 diximus,
863 1157 889 1222 si
911 1180 973 1222 non
985 1158 1125 1244 justitiae,
1145 1159 1237 1226 mise·

132 1254 275 1320 ricerdis)
294 1262 401 1320 nmen
416 1273 484 1318 esse
503 1273 567 1317 non
583 1252 641 1317 nisi
662 1253 784 1341 magnis
803 1255 893 1320 etad
914 1256 1082 1322 multorum
1103 1256 1236 1324 salutem

132 1352 330 1439 perventuris
340 1350 446 1417 causis
466 1349 530 1416 tale
546 1349 621 1436 quid
641 1352 784 1438 aggredi,
801 1353 885 1418 unde
906 1352 1122 1420 innocentibus
1136 1355 1236 1420 immi-

134 1472 211 1516 nere
229 1449 380 1537 pernicies
396 1449 502 1536 possit.
550 1450 641 1514 Idem
662 1450 819 1516 nobiseum
841 1453 936 1516 sensit
953 1451 1111 1540 Polybius,
1130 1453 1184 1541 qui
1198 1454 1235 1520 li·

135 1549 193 1615 bro
211 1569 242 1615 v.
262 1549 306 1615 eie
325 1547 483 1634 loquitur:
507 1542 546 1615 οὖ
566 1544 642 1637 ’γαρ
663 1544 718 1617 ἔτ’
735 1545 886 1637 ἀπωλείᾳ
906 1543 956 1619 δεῖ
980 1550 1031 1618 nai
1055 1547 1234 1644 ἀφανισμῷ
1247 1577 1335 1625 canni.

135 1649 208 1722 τοῖς
224 1643 400 1739 α’γνῶμοσι
413 1648 570 1729 πολεμεῖν
587 1645 665 1721 τούς
681 1643 828 1737 lynesio
846 1641 972 1738 ἄνδρας,
987 1644 1064 1717 ἀλλ’
1079 1648 1134 1718 ἐπὶ
1153 1643 1235 1744 διορ-

135 1743 234 1815 θώσει
248 1747 301 1815 καὶ
317 1741 495 1830 μεταθέσει
519 1749 590 1812 τῶν
607 1742 849 1839 ἡμαρτημένων·
875 1741 948 1815 οὐδὲ
970 1751 1172 1841 συναναιρεῖν
1189 1748 1235 1818 τὰ

134 1838 234 1927 μηδὲν
246 1838 420 1915 α’δικοῦντα
442 1845 515 1914 τοῖς
532 1837 723 1925 ἠδικηκόσιν,
746 1843 837 1913 ἀλλὰ
853 1841 1035 1939 σνσσαῖζειν
1057 1850 1110 1916 καὶ
1124 1846 1237 1937 euve}-

135 1945 302 2032 αιρεῖσθαι
316 1944 386 2016 τοῖς
397 1940 551 2016 ἀναιτίοις
565 1943 658 2026 (mele
671 1943 775 2008 editur
788 1943 958 2029 ἐναντίοις)
974 1941 1048 2018 τοδε
1061 1939 1235 2019 δοκοῦντας

133 2036 261 2111 ἀδικεῖν·
287 2046 440 2108 bonerum
463 2045 610 2107 virorum
631 2055 686 2118 est,
708 2045 805 2108 etiem
820 2067 893 2109 enm
913 2047 1021 2110 minus
1036 2048 1153 2131 probis
1171 2069 1236 2111 non
1292 2066 1296 2073 ’

135 2143 368 2208 internecinum
385 2163 495 2227 perere
518 2141 643 2216 bellum,
663 2143 720 2207 sed
739 2144 903 2219 hactenus,
927 2156 964 2208 et
987 2145 1108 2209 delicta
1130 2148 1236 2211 sorci-

134 2252 238 2306 ontur
251 2252 352 2326 atque
375 2242 601 2305 emendentur:
625 2262 725 2326 neque
747 2244 888 2307 insontes
908 2264 980 2307 cum
1003 2245 1147 2309 sontibus
1167 2266 1236 2309 una

129 2361 231 2425 poene
247 2340 415 2413 involvere,
433 2341 490 2405 sed
505 2341 681 2404 insontium
699 2361 801 2404 causo
817 2343 917 2405 etiam
933 2343 1078 2408 sontibus
1086 2364 1235 2427 parcere.

205 2438 264 2502 IX.
305 2439 324 2503 1
359 2436 419 2501 His
444 2436 585 2524 cognitis,
612 2437 652 2501 de
679 2437 737 2512 his,
764 2458 835 2522 quea
860 2439 959 2527 magis
984 2441 1130 2525 specialia
1154 2451 1237 2517 sunt,

134 2556 198 2601 non
214 2535 343 2601 difficilis
361 2535 423 2600 erit
442 2535 588 2601 definitio.
634 2537 798 2601 ‘Puerum
822 2548 903 2603 setas
925 2551 1059 2613 meoet,
1071 2542 1237 2623 feminum

133 2657 239 2712 senus,
265 2634 312 2701 ait
335 2635 453 2700 Seneca
475 2633 571 2710 libris,
596 2633 708 2719 quibus
730 2633 786 2698 irae
803 2633 956 2702 irascitur.
1000 2638 1087 2701 Deus
1112 2637 1178 2723 ipse
1203 2637 1236 2703 in
1249 2655 1368 2697 noenum

132 2795 172 2841 lta
190 2795 350 2842 Scholiasta:
365 2793 481 2841 Dolenter
499 2791 616 2838 declamat
635 2792 660 2836 in
709 2794 792 2835 unirer
802 2789 985 2849 μεθείσθωσαν·
1000 2790 1150 2837 dimittantur
1159 2796 1237 2838 aulen

132 2869 245 2916 sardiana
255 2869 364 2925 Aehs'llc'e,
375 2868 425 2927 qui,
438 2868 460 2912 ri
471 2879 517 2925 per
527 2864 660 2925 Apollinem
707 2863 811 2921 virgines
821 2866 843 2907 el
857 2862 980 2908 muheres:
997 2877 1092 2908 causam
1102 2865 1190 2922 reddit,
1204 2865 1236 2912 τὸ

131 2944 209 2989 nium
224 2943 334 2999 licuisset,
349 2941 409 2987 odeo
424 2953 499 2985 soeeus
513 2943 574 2994 οταν,
584 2943 609 2984 ut
619 2951 660 2984 nec
707 2935 852 2993 προσθήκην
861 2935 956 2993 ἀνδρῶν
965 2938 1080 2995 πόλεμον
1095 2956 1235 2986 κατασκευ-

132 3019 263 3077 irffentibus
281 3031 322 3063 nec
339 3018 364 3062 in
380 3021 446 3061 utero
461 3012 606 3074 patentibus
614 3026 659 3071 pe·
708 3007 1233 3072 ασοῖντωνποιεῖσθαιγυναῖκακ,α’νιὶμερον·

128 3095 251 3152 μετοίκιον.
276 3091 385 3139 Philode
398 3088 523 3147 Principis
541 3087 660 3135 Constitu.
706 3084 820 3140 uirorum,
840 3085 882 3143 qui
898 3084 1103 3146 bellofabricanl,
1120 3089 1236 3135 nemas.

132 3163 203 3220 ίὶοκε,
216 3165 286 3224 (pag.
300 3161 366 3222 734.)
380 3157 502 3219 παρθένοι
517 3157 542 3203 dl
558 3156 599 3204 nel
614 3172 660 3216 γυ·
706 3158 848 3217 nentsaeere
863 3158 978 3218 mulieres,
994 3160 1088 3210 Immile.
1118 3163 1187 3210 Idem
1206 3164 1237 3210 ds

134 3403 234 3460 blood:
253 3405 310 3460 end
324 3405 379 3459 will
393 3421 479 3460 never
495 3405 583 3460 inflict
601 3404 696 3470 death,
717 3413 817 3478 except
832 3407 924 3461 either
940 3413 971 3462 to
993 3406 1075 3460 avoid
1093 3404 1188 3470 death,
1203 3422 1236 3461 or

134 3491 202 3546 evils
224 3492 280 3546 like
302 3491 397 3556 death,
419 3507 452 3545 or
469 3496 500 3544 to
518 3490 620 3562 punish
642 3492 742 3546 crimes
770 3490 860 3546 which
882 3507 931 3545 aro
953 3491 1058 3560 capital
1078 3490 1109 3542 in
1130 3491 1233 3545 desert.

134 3575 199 3631 And
213 3594 284 3632 oren
302 3582 332 3630 to
347 3592 426 3631 some
446 3575 508 3628 who
523 3575 595 3631 have
616 3575 749 3630 deserwed
769 3574 840 3641 that,
858 3575 895 3630 ho
909 3575 964 3628 will
981 3576 1065 3629 remit
1085 3574 1133 3638 all,
1152 3590 1185 3627 or
1206 3581 1236 3630 at

134 3662 215 3725 least,
229 3662 333 3732 capitul
347 3660 538 3732 punishment,
555 3661 648 3716 either
662 3669 712 3714 out
726 3660 760 3714 of
775 3660 932 3733 humanity,
950 3676 983 3715 or
1000 3659 1046 3714 for
1060 3674 1139 3714 some
1153 3659 1237 3715 other

134 3745 273 3817 plausible
288 3761 392 3800 musea.
429 3745 468 3800 So
489 3746 631 3801 Diodorus
651 3761 714 3816 says
734 3744 797 3800 that
818 3746 919 3817 victory
932 3746 1046 3818 depende
1064 3762 1100 3801 on
1113 3747 1237 3819 serlone,

135 3833 183 3885 but
195 3846 283 3899 merny
297 3831 327 3883 in
341 3830 443 3901 νιόνοιγ
457 3848 493 3885 on
507 3832 601 3887 virtue.
640 3831 679 3886 So
692 3831 814 3894 Curtius,
827 3832 861 3885 of
871 3832 1039 3888 Alexander.

190 3913 272 3968 VlII.
308 3912 386 3968 With
401 3915 503 3984 regcrd
518 3923 548 3970 to
562 3915 644 3971 those
658 3917 720 3971 who
732 3932 782 3971 erc
799 3916 886 3972 killed
901 3918 1019 3973 without
1031 3918 1067 3973 ite
1085 3915 1170 3989 belng
1191 3916 1236 3971 in·

135 3998 250 4063 tended,
265 4015 306 4053 we
326 4006 401 4052 must
415 3997 482 4052 hold
499 3999 562 4081 that
583 4001 609 4055 if
623 4001 727 4070 justice
747 4002 785 4056 do
803 4010 854 4058 not
871 4004 991 4073 require,
1005 4009 1035 4058 at
1049 4004 1121 4057 least
1138 4018 1235 4072 morey

135 4086 212 4150 does,
231 4084 293 4139 thet
311 4100 353 4138 wo
371 4081 472 4137 should
487 4089 546 4147 not,
560 4090 660 4154 except
682 4085 728 4139 for
745 4086 864 4157 neighty
879 4103 976 4143 causes
995 4087 1111 4156 tending
1132 4093 1163 4140 to
1185 4085 1235 4141 the

135 4171 227 4242 tafety
242 4170 275 4225 of
287 4186 380 4241 many,
396 4167 552 4223 undertske
564 4166 700 4238 anything
715 4168 805 4222 which
819 4186 884 4240 may
898 4169 1008 4227 involve
1023 4171 1156 4224 innocent
1169 4187 1235 4241 per-

134 4272 200 4311 sons
215 4257 244 4309 in
259 4255 440 4311 destruction.
479 4253 518 4307 So
530 4251 673 4323 Polybius.

189 4342 242 4398 IX.
290 4348 305 4396 l
328 4341 440 4411 IIewing
459 4336 562 4394 settled
577 4336 658 4394 these
672 4336 833 4410 principles,
847 4338 870 4394 lt
885 4336 940 4391 will
954 4342 1005 4393 not
1018 4337 1055 4393 be
1070 4338 1186 4395 difficolt
1204 4347 1236 4397 to

134 4425 181 4499 lay
192 4427 275 4493 down
286 4444 365 4483 more
376 4425 481 4501 special
492 4423 577 4481 rules.
