2986 5048
130 302 201 359 Gar.
215 300 283 370 XL]
354 302 651 359 INTERFIOIENDI
671 303 716 358 IN
736 303 861 360 Buteo
882 302 1014 359 JUSTO.
1171 294 1237 362 217

200 466 241 529 X.
278 467 298 529 1
328 464 416 530 Idem
433 466 632 532 statuendum
650 466 867 533 universaliter
879 468 920 532 de
937 466 1083 542 maribus,
1101 488 1233 552 quorum
1247 478 1388 520 ‘'Meloe-

129 563 203 629 rit-m
218 585 318 652 genus
333 565 375 629 ab
388 564 484 629 armis
500 565 658 631 abhorret.
710 569 793 632 Jure
810 569 885 632 belli
901 569 939 631 in
957 575 1103 632 armatos
1118 588 1234 651 repop-

129 675 306 749 nantesque
327 666 438 738 eoedea,
461 671 498 728 ut
518 663 564 727 ait
585 663 703 740 Livius,
724 663 758 729 id
779 674 836 740 est,
860 687 897 730 eo
907 665 981 752 jure
1003 664 1087 751 quod
1110 675 1232 730 naturae
1243 682 1371 766 ppxxuu

130 761 282 849 congruit.
324 760 376 826 Sic
394 762 551 847 Joacphus
572 783 694 847 sequum
715 762 769 841 ait,
789 771 823 828 ut
839 763 871 827 in
896 785 1002 852 pugna
1018 784 1125 849 peenas
1145 762 1231 840 dent,
1244 782 1370 822 ananus

130 859 186 945 qui
201 881 291 924 arma
307 868 466 945 ceperunt,
489 859 662 926 insontibus
677 882 740 925 non
756 861 939 927 nocendum.
982 861 1129 927 Camillus
1144 861 1232 928 Veiis
1244 829 1355 925 iiten.

131 955 320 1046 expugnatis
341 958 447 1034 edixit,
474 968 510 1025 nt
535 960 576 1024 ab
596 958 708 1024 inermi
729 960 949 1030 abstineretur.
991 962 1029 1025 In
1053 959 1113 1024 hae
1135 959 1232 1026 classe

131 1056 265 1141 primum
281 1056 416 1143 ponendi
429 1067 502 1124 sunt
516 1057 559 1134 hi,
577 1057 631 1143 qui
645 1079 734 1123 sacra
745 1066 876 1124 curant:
894 1080 967 1124 nam
982 1067 1018 1124 ut
1029 1058 1063 1124 hi
1079 1059 1119 1124 ab
1135 1058 1232 1124 armis

130 1154 323 1222 abstinerent
344 1176 411 1220 mos
431 1156 617 1241 abantiquo
637 1156 697 1223 ruit
712 1157 853 1246 gentium
872 1157 1026 1223 omniurn:
1048 1165 1144 1243 atque
1160 1156 1231 1223 ideo

131 1253 264 1319 richeim
285 1252 318 1320 ri
336 1252 369 1319 in
393 1252 462 1319 illos
479 1255 723 1340 temperabatur.
777 1254 829 1319 Sic
851 1255 1025 1321 Philisthaei
1046 1255 1152 1321 hostes
1172 1258 1195 1321 J
1197 1279 1232 1322 u-

130 1352 270 1418 daeorum
286 1374 350 1418 non
359 1353 513 1420 nocebant
528 1351 675 1441 ²collegio
687 1354 920 1441 prophetarum,
936 1354 1105 1439 quoderat
1121 1353 1229 1429 Gabae,

131 1458 169 1515 ut
184 1450 292 1517 ridere
305 1459 354 1518 est
372 1454 390 1515 1
406 1451 491 1521 Sam.
506 1475 538 1520 x.
556 1455 578 1518 5
596 1462 629 1518 et
647 1454 701 1518 10.
752 1454 796 1518 Ει
812 1452 856 1516 sic
878 1452 920 1518 ad
934 1452 1028 1518 ulium
1047 1452 1158 1530 locum,
1176 1453 1230 1519 ubi

130 1547 229 1614 simile
254 1560 323 1616 erat
346 1549 509 1638 collegium
533 1559 683 1638 tanquam
707 1551 874 1639 sepositum
899 1552 941 1619 ab
966 1550 1049 1617 omni
1073 1573 1254 1627 armorum,

129 1646 252 1734 injuria,
270 1671 340 1714 eum
359 1650 502 1716 Samuele
518 1650 658 1738 confugit
672 1650 788 1726 David,
805 1654 823 1715 1
838 1653 920 1716 Sam.
933 1649 997 1715 xix.
1012 1653 1066 1717 18.
1101 1649 1231 1717 Creten·

130 1767 189 1823 ses,
210 1756 320 1813 narrat
335 1747 530 1826 Plutarchus,
551 1771 621 1814 oum
639 1749 726 1814 bellis
747 1748 900 1815 intestinis
914 1748 1143 1824 colliderentur,
1165 1755 1393 1848 om-fflssffl·

129 1865 201 1909 nem
217 1867 331 1911 noxam
348 1847 532 1914 abstinuisse
552 1851 590 1913 “a
606 1847 826 1937 sacerdotibus,
845 1857 877 1914 et
899 1847 946 1925 iia,
969 1869 1046 1934 quos
1065 1847 1230 1913 humandis

129 1943 260 2010 mortuis
275 1944 459 2031 praepositos
473 1942 681 2020 κατακαύτας
695 1947 856 2013 vocabant
895 1948 966 2012 Iluc
981 1955 1015 2012 et
1030 1945 1231 2033 prouerbium

129 2041 207 2106 illud
232 2044 378 2109 Graecum
401 2045 547 2131 pertinet,
568 2039 641 2114 otte*
667 2043 838 2138 πυρφόρος
865 2041 1065 2138 ὑπελείφθη.
1111 2037 1230 2111 ιἪοιιιι

131 2139 256 2219 Strabo,
279 2141 353 2206 olim
375 2163 445 2206 cum
467 2152 535 2208 tota
558 2142 680 2210 Gracia
700 2146 795 2209 armis
820 2144 967 2220 ferveret,
991 2144 1093 2221 Eleos,
1119 2151 1229 2230 utpote
1240 2146 1286 2233 ἓξ·
1295 2148 1368 2196 ''l-r

129 2239 152 2302 J
153 2238 204 2304 ovi
219 2261 333 2316 sacros,
350 2249 383 2306 et
398 2262 505 2306 eorum
520 2242 657 2328 hospitor
671 2243 703 2307 in
720 2242 786 2308 alta
802 2265 878 2329 pace
893 2243 1014 2309 vixisse.

207 2339 228 2401 2
258 2338 476 2405 Sacerdotibus
498 2340 609 2405 merito
634 2341 693 2406 hac
712 2341 745 2404 in
768 2350 858 2427 parte
879 2349 1052 2427 aquantur,
1077 2340 1130 2428 qui
1155 2339 1230 2407 witae

130 2456 231 2523 genus
252 2436 350 2502 simile
375 2437 548 2527 elegerunt,
571 2447 606 2505 ut
631 2440 773 2505 monaehi
796 2449 829 2506 et
851 2440 1002 2517 conversi,
1028 2439 1061 2506 id
1084 2449 1141 2517 cst,
1165 2462 1230 2527 poe-

130 2602 253 2650 tarutm
262 2604 304 2651 lib.
315 2616 334 2651 r.
345 2605 384 2651 tit.
391 2605 439 2651 xiv.
450 2607 487 2653 14.
702 2606 817 2665 exeeptis
828 2606 994 2652 retractans.
1009 2606 1084 2665 (Peg.
1093 2606 1161 2665 225.)
1175 2607 1230 2653 Parl

174 2679 221 2725 ⁸A
240 2678 411 2739 sacerdotibus]
441 2679 537 2725 Servius
557 2682 588 2727 ed
609 2694 655 2727 ιιι.
703 2680 1122 2741 modoetquiudolympiaPythia,
1132 2681 1230 2735 Nemea,

130 2752 263 2801 AE'wct'doer
280 2768 335 2799 uum
347 2768 400 2799 eum
412 2754 550 2815 defendebat
560 2770 577 2801 α
589 2755 656 2813 bello,
704 2754 806 2798 Isthmia
816 2758 933 2798 certatum
949 2754 1024 2809 ibunt,
1038 2753 1160 2798 habebant
1173 2754 1230 2798 belli

129 2828 153 2873 rt
171 2842 216 2873 non
233 2832 301 2886 ctus,
316 2828 400 2874 saltem
416 2830 501 2889 reticio
518 2830 656 2876 sucerdotis.
703 2833 812 2887 tempore
821 2824 968 2884 ἀσφάλειαν
978 2826 1018 2871 καὶ
1033 2826 1124 2881 ἄδειαν,
1135 2826 1230 2872 raretum

131 2899 276 2961 [Agitnribi
291 2905 386 2947 tanturn
401 2903 432 2948 de
446 2902 597 2949 immunitate
612 2903 656 2949 Sa-
704 2915 734 2948 uc
764 2901 919 2946 sceufitutem.
949 2900 1046 2946 Decent
1080 2900 1230 2961 Thucydides
1256 2944 1264 2961 ,

130 2976 381 3022 ccrdotnnrcmilitiu.
412 2976 495 3036 J.B.]
703 2976 765 3022 libro
782 2989 806 3020 w.
823 2978 848 3020 et
864 2987 921 3021 wrrr.
939 2978 965 3021 et
981 2974 1124 3023 Plutarchus
1144 2974 1230 3023 Arcto.

173 3050 185 3083 ὓ
199 3050 276 3097 Notat
292 3050 391 3111 Strabo]
412 3052 445 3097 Et
462 3051 575 3111 Polybius
595 3051 656 3098 libro
704 3052 774 3113 (pag.
786 3051 844 3097 1040
852 3048 892 3109 n.)

130 3136 166 3174 rr.
186 3123 253 3186 (cap.
271 3125 314 3187 ta)
332 3130 358 3173 et
375 3125 497 3172 Diodorus
517 3125 610 3172 Siculus
631 3126 657 3171 in

84 3339 88 3347 “
132 3338 273 3404 camillus,
284 3339 314 3393 in
328 3339 465 3411 etormlng
476 3339 549 3404 Veii,
564 3339 689 3395 directed
701 3340 751 3396 the
762 3340 899 3396 unarmed
911 3348 941 3395 ιο
953 3342 990 3396 bo
1001 3341 1042 3396 let
1053 3340 1144 3395 alone.

185 3424 220 3478 In
233 3424 290 3479 thie
304 3425 383 3491 class,
394 3426 455 3479 first
470 3441 511 3479 we
525 3432 600 3479 must
612 3427 692 3497 place
703 3426 796 3482 'Pboso
808 3426 869 3481 who
881 3426 1005 3497 perform
1017 3426 1114 3480 sacred
1127 3426 1227 3479 offices.

130 3509 188 3563 Por
198 3510 350 3565 thattheee
361 3510 471 3564 abstain
483 3510 556 3565 from
567 3528 651 3577 arma,
663 3513 687 3565 ie
701 3529 738 3566 an
752 3514 866 3566 ancient
881 3518 989 3565 custom
1004 3511 1037 3564 of
1048 3509 1085 3562 ull
1101 3511 1228 3571 nationes

130 3594 187 3649 and
206 3596 235 3649 in
252 3595 300 3649 old
312 3595 390 3659 time,
406 3595 473 3667 they
486 3613 557 3651 were
570 3606 621 3651 not
631 3598 778 3651 molestcd.
825 3598 863 3648 So
878 3595 927 3649 tho
941 3595 1104 3648 Philistinae
1117 3594 1164 3647 did
1178 3602 1229 3649 not

130 3678 197 3732 burt
215 3679 265 3733 the
279 3678 375 3734 school
390 3680 424 3733 of
437 3680 491 3734 the‘
501 3680 637 3752 prophete
651 3679 680 3748 (1
695 3682 771 3734 Sam.
785 3698 811 3733 x.
826 3688 842 3733 c
857 3679 914 3734 and
929 3674 1019 3743 10)at
1035 3678 1126 3743 Gaba,
1136 3678 1229 3734 where

130 3764 200 3834 they
210 3762 267 3817 had
281 3780 300 3818 a
309 3765 445 3833 gurrison.
470 3766 535 3819 And
549 3783 580 3820 so
593 3763 621 3832 (l
637 3767 710 3820 Sam.
728 3767 780 3819 xix.
799 3764 845 3833 18)
861 3765 954 3818 David
968 3765 1024 3818 and
1037 3766 1151 3820 Samuel
1161 3766 1229 3819 tcok

129 3849 279 3919 refugunt
302 3850 417 3914 Naloth,
437 3850 529 3905 where
551 3851 632 3906 there
653 3868 708 3905 was
730 3851 788 3906 also
806 3868 824 3905 u
847 3850 943 3906 school
961 3850 995 3904 of
1012 3850 1062 3907 the
1083 3850 1227 3924 prophete.

129 3934 265 3989 Plutarch
283 3935 386 3990 relates
407 3935 470 3991 that
487 3935 537 3991 the
556 3936 681 4002 Oretans,
696 3938 726 3990 in
745 3936 820 3992 their
840 3937 973 3992 intestine
990 3953 1069 4001 wara,
1083 3935 1230 3991 abstained

129 4021 203 4075 from
217 4021 340 4092 injuring
354 4021 404 4077 the
423 4022 534 4092 priests,
552 4022 609 4075 and
627 4022 676 4076 tho
695 4021 804 4077 buriore
824 4024 856 4076 cf
869 4022 919 4077 tho
940 4022 1021 4075 dead.
1060 4022 1158 4075 Hence
1180 4020 1230 4074 the

130 4106 225 4161 Greek
235 4106 365 4178 proverb,
377 4116 423 4161 uot
437 4124 498 4161 cocu
512 4109 553 4161 the
563 4108 741 4178 pyra-llpbter
754 4124 810 4159 was
825 4108 881 4177 left,
894 4105 977 4160 when
991 4106 1031 4159 all
1044 4121 1117 4159 were
1132 4102 1228 4157 killed.

130 4191 233 4246 Strabo
245 4199 326 4247 noter
337 4192 437 4247 thatin
446 4192 560 4247 ancient
571 4193 661 4255 times,
674 4190 754 4245 when
768 4190 808 4243 all
819 4192 927 4244 Greoce
942 4206 996 4243 wus
1008 4190 1037 4241 in
1050 4187 1230 4242 dicturbcnce

129 4275 196 4331 with
208 4292 290 4339 urrns,
305 4276 356 4333 the
370 4278 483 4341 Elcans,
495 4294 526 4333 aa
537 4277 635 4332 sacred
648 4283 679 4330 to
691 4275 812 4346 Jupiter,
824 4274 880 4328 and
893 4273 961 4344 they
973 4273 1035 4327 who
1048 4288 1121 4326 were
1139 4271 1231 4327 under

128 4361 204 4417 their
214 4362 387 4434 hospitality,
398 4362 474 4417 lived
487 4363 517 4416 in
528 4361 670 4435 profeund
682 4376 777 4433 peace.

184 4452 202 4500 2
223 4446 316 4518 Along
327 4446 395 4502 with
410 4448 527 4512 Pricsts,
542 4464 591 4503 aro
607 4446 740 4521 properly
754 4444 862 4500 runkcd
874 4445 902 4500 in
916 4444 972 4500 thie
987 4449 1099 4509 mutter,
1113 4442 1152 4499 all
1166 4440 1230 4499 wbo
