2986 5048
115 269 183 324 Car,
199 261 268 335 111.]
374 263 561 329 GENTIUM,
583 263 651 318 UBI
673 263 724 315 DE
748 263 987 318 INDICTIONE.

118 442 185 505 lum
211 439 327 503 bellum
350 458 414 502 eece
424 438 566 519 jactum,
590 437 657 500 aiei
682 436 772 519 quod
795 446 856 498 aut
880 436 974 499 retica
996 437 1142 519 repetitio
1165 457 1217 520 qe-

116 552 226 614 rctur,
244 549 303 602 aut
324 538 549 602 denuntiatam
570 547 647 600 ante
666 536 712 599 ait
734 545 763 599 et
785 535 957 598 indictum.
1005 533 1110 598 Minue
1126 533 1217 619 plene

118 645 209 704 rctua
233 635 364 723 scriptor
389 635 474 723 apud
500 634 672 699 Isidorum:
690 633 820 718 jactum
850 634 966 698 bellum
993 645 1040 699 cat
1067 636 1153 720 quod
1177 647 1335 699 echitxvflt
1344 648 1361 687 1·

117 739 222 803 edicto
245 738 384 822 peritur,
409 736 504 800 rebua
526 735 673 819 repetitis
698 744 757 797 aut
784 734 1087 818 propuhcndorum
1116 734 1217 798 Iwmi·

117 859 197 902 aum
222 858 332 902 cauea
385 834 437 900 Sic
464 832 570 898 Liuius
599 831 713 897 bellum
738 831 840 918 palam
866 839 899 896 et
923 853 963 896 ex
985 831 1085 898 edicto
1104 846 1331 921 gererent-227-

117 935 206 1012 dixit,
223 933 346 1021 injusti
362 932 435 1000 belli
455 930 669 1018 descriptione.
716 932 844 997 Etcum
861 940 1020 997 narrasset
1035 932 1216 997 Acarnanas
1227 939 1378 982 itemst

116 1055 228 1122 agrum
245 1033 383 1100 Atticum
401 1054 468 1098 esse
484 1030 665 1119 populatos:
682 1033 832 1096 irritatio
849 1033 1033 1097 animorum
1050 1054 1089 1097 ea
1099 1034 1217 1118 prima
1374 1042 1376 1046 '

107 1137 209 1218 ficit:
229 1145 347 1220 postea
363 1134 495 1216 juetam
518 1131 634 1197 bellum
657 1132 794 1196 demetit
817 1133 990 1196 civitatum
1015 1133 1103 1197 ultro
1129 1134 1216 1198 iadi-

118 1235 216 1300 ccudo
229 1236 373 1318 factum.

194 1334 251 1399 VI.
300 1337 319 1398 1
356 1333 436 1410 Qua
457 1330 525 1396 loca
548 1338 581 1397 et
598 1328 660 1396 alia
679 1329 720 1395 de
736 1329 810 1396 belli
827 1329 1075 1421 promulgatione
1091 1330 1218 1419 agentia

118 1440 156 1498 ut
173 1432 396 1521 intelligantur,
419 1438 564 1496 accurate
585 1429 804 1518 distinguenda
824 1439 897 1496 aunt
918 1452 989 1517 quae
1004 1430 1076 1516 jure
1097 1439 1218 1496 natura

119 1531 282 1608 debentur,
307 1554 378 1619 quac
400 1539 514 1596 natura
538 1552 601 1595 non
625 1529 779 1595 debentur
803 1529 859 1594 aed
883 1530 1014 1595 honesta
1039 1537 1120 1604 sunt,
1149 1550 1219 1615 qna

115 1630 188 1718 jure
210 1632 349 1721 gentium
374 1629 576 1716 requiruntur
598 1629 639 1694 ad
664 1629 792 1694 effectus
812 1628 893 1713 juria
913 1628 1052 1716 gentium
1068 1629 1219 1715 proprios,

120 1739 154 1796 et
169 1752 241 1817 quae
258 1740 412 1816 praterea
431 1750 471 1794 ex
495 1727 701 1816 peculiaribus
723 1728 906 1815 populorum
926 1727 1120 1813 quorundam
1135 1724 1221 1792 inati-

122 1830 198 1895 tutia
216 1829 352 1895 veniunt.

198 1927 344 1994 Naturali
364 1927 445 2015 jure,
462 1927 516 1993 ubi
541 1935 597 1993 ant
620 1926 668 1992 via
692 1926 778 1992 illata
801 1934 935 2004 arcetur,
958 1933 1013 1993 aut
1035 1926 1075 1992 ab
1096 1947 1134 1992 eo
1154 1927 1220 2014 ipso

121 2027 176 2114 qui
193 2027 322 2115 deliquit
338 2049 429 2115 poena
446 2026 631 2113 deposcitur,
649 2026 735 2091 nulia
751 2026 921 2112 requiritur
938 2025 1138 2094 denuntiatio.
1179 2027 1222 2091 Et

121 2127 180 2193 hoc
204 2137 253 2194 est
277 2128 360 2214 qnod
384 2126 601 2193 Sthenelaidaa
626 2126 762 2213 ephorus
784 2125 858 2191 dicit
879 2119 983 2213 ¹‘apud
1006 2125 1221 2214 Thucydidem
1234 2150 1340 2193 manea

124 2224 161 2297 ori
178 2221 274 2298 ditate
291 2220 365 2295 οὐδὲ
381 2221 500 2315 λόγοις
517 2217 680 2317 dtcrprre'c
705 2222 751 2306 wi
775 2226 873 2314 λόγῳ
896 2223 947 2293 rai
970 2222 1089 2295 adroic
1105 2224 1222 2312 βλαπ-

122 2399 163 2433 111.
182 2391 207 2434 et
225 2399 261 2433 rr.
294 2386 363 2445 (Lib.
377 2400 418 2433 111.
436 2400 489 2446 cap.
504 2384 527 2433 c.
553 2386 607 2433 Lib.
622 2398 647 2433 r.
741 2383 842 2445 kaput
854 2386 1022 2447 Thucydidem]
1034 2387 1102 2433 Idem
1112 2388 1174 2434 libro
1182 2400 1225 2433 ιιι.

122 2463 223 2522 capt.)
696 2462 722 2508 in
748 2462 917 2509 Pintaecnainm
941 2465 1062 2511 oratione:
1086 2463 1154 2510 nard
1177 2464 1224 2511 τὸν

167 2535 247 2583 *Non
263 2536 364 2593 Ennius,
378 2535 420 2582 aed
436 2535 529 2592 Cicero,
541 2534 649 2594 promut-
698 2536 764 2581 πᾶσι
782 2536 858 2596 νόμον
876 2538 1034 2593 καθεστῶτα,
1055 2538 1102 2585 τὸν
1116 2537 1223 2585 ἐπιόντα

121 2617 181 2674 quta
189 2613 281 2673 prelia
291 2613 359 2671 dicit,
376 2612 446 2659 Orat.
458 2626 504 2670 pro
514 2611 583 2656 Mur.
596 2624 649 2671 cap.
697 2609 819 2669 πολέμιον
830 2612 900 2657 ὅσιον
910 2613 972 2659 εἶναι
983 2612 1126 2670 ἀμύνεσθαι·
1136 2614 1224 2670 ajure

122 2691 158 2735 14.
170 2688 212 2734 nbi
221 2691 316 2748 partem
323 2686 450 2747 quamdam
457 2686 531 2731 refert
538 2698 649 2731 veranum
698 2684 765 2744 opud
773 2691 850 2744 pentec
860 2700 936 2730 omues
946 2692 1037 2744 recepto
1042 2687 1091 2744 faa
1100 2693 1133 2732 ert
1143 2702 1224 2735 arcere

122 2763 209 2808 rotaria
219 2761 310 2817 Po'e'tre,
324 2773 384 2820 quoe
397 2760 506 2819 integros
520 2758 588 2804 nobis
599 2771 650 2803 aer·
698 2773 749 2805 eum
762 2774 779 2805 a
790 2774 836 2818 quo
850 2760 968 2806 hostiliter
980 2761 1120 2819 impetimur.
1149 2762 1224 2822 (Cap.

121 2837 186 2883 ravit
200 2839 266 2883 Aua.
284 2836 408 2891 Gannrua,
424 2832 496 2880 Noct.
506 2832 578 2879 Attic.
595 2831 649 2879 Lib.
698 2832 750 2893 56.)
780 2833 911 2878 Flaminius
928 2834 992 2895 apud
1007 2835 1141 2881 Diodorum
1156 2836 1224 2882 Sicu.

123 2923 172 2959 xx.
183 2911 268 2971 eap.9.
697 2906 749 2953 lum
763 2907 789 2952 in
804 2908 923 2968 excerptio
936 2909 1100 2968 Pm'reaciania,
1114 2910 1225 2973 ἐπιμαρ-

596 3049 884 3059 --—........—.......-.
893 3052 908 3056 -

125 3136 182 3192 and
196 3137 226 3192 in
240 3136 308 3193 euch
319 3154 436 3193 manner
446 3138 571 3210 publicIy
585 3138 713 3204 deereed,
730 3139 793 3194 that
806 3139 991 3210 signification
1003 3140 1036 3196 of
1051 3139 1113 3196 that
1127 3142 1186 3199 fact
1199 3143 1223 3197 ia

124 3223 208 3278 mado
227 3223 264 3295 by
278 3222 327 3278 the
346 3238 400 3279 one
414 3229 496 3295 party
509 3230 538 3279 ιο
550 3224 600 3279 the
614 3225 704 3290 other,
721 3243 752 3280 aa
769 3227 877 3281 Enniue
891 3222 1010 3297 [Cicera
1022 3227 1049 3282 J.
1064 3224 1112 3295 Β.]
1123 3230 1223 3301 epeake

124 3310 357 3382 ofpromaIyated
366 3328 447 3365 wara.
477 3310 516 3365 So
531 3311 638 3376 Cicero,
649 3312 679 3366 in
693 3311 737 3366 hia
753 3312 850 3384 Officca,
866 3329 928 3384 eaya
942 3313 1005 3368 that
1020 3313 1056 3385 by
1067 3313 1117 3368 thc
1128 3315 1223 3369 Fecial

124 3396 198 3462 Lair,
209 3413 247 3452 no
259 3412 318 3449 war
326 3412 382 3450 aaa
389 3397 449 3466 juat
461 3404 561 3468 except
573 3413 627 3452 one
638 3398 779 3469 preceded
789 3398 827 3469 by
838 3414 856 3450 a
868 3397 989 3452 demand
1001 3398 1047 3453 for
1060 3398 1178 3463 redreee,
1190 3417 1224 3454 or

124 3481 189 3553 byn
201 3482 375 3538 declaration
386 3481 420 3535 of
432 3498 496 3536 war.
534 3483 614 3538 Scin
628 3483 743 3538 Isidore.
781 3483 819 3537 So
831 3483 915 3553 Livy:
935 3482 991 3536 and
1002 3482 1095 3537 where
1110 3480 1146 3537 he
1157 3500 1223 3538 nar-

123 3572 198 3623 ratea
209 3567 273 3623 that
285 3566 335 3622 the
354 3567 543 3622 Acarnaniam
558 3569 663 3624 wanted
677 3568 779 3631 Attica,
793 3567 830 3621 he
845 3566 923 3630 adda,
943 3568 1006 3621 Thia
1024 3585 1082 3622 war
1102 3569 1143 3622 tic
1158 3570 1225 3641 first

122 3654 262 3708 irritatior
274 3656 309 3728 ⁰s
316 3655 357 3708 tie
369 3655 459 3707 minda
469 3655 552 3724 ostie
558 3655 680 3726 partiar
702 3654 866 3727 afterwarda
880 3671 899 3706 a
906 3655 966 3727 juct
979 3671 1040 3708 war
1051 3671 1108 3709 wat
1119 3655 1226 3712 decret

123 3741 182 3794 aad
191 3740 316 3794 dwiared
326 3740 360 3810 ty
374 3740 415 3793 tte
427 3748 514 3794 οιοια.

174 3824 226 3881 VL
262 3832 277 3879 1
301 3825 335 3878 In
346 3824 430 3879 order
442 3831 472 3880 to
484 3825 656 3880 understand
668 3826 747 3882 thece
755 3842 886 3898 paaeagee
897 3827 1065 3899 concerning
1073 3827 1123 3882 tho
1131 3828 1224 3884 decla-

125 3908 219 3963 ration
242 3909 276 3963 of
302 3926 367 3975 war,
389 3927 431 3965 we
449 3919 525 3966 muat
543 3911 711 3984 distinguiah
728 3912 803 3967 what
824 3915 848 3967 ia
870 3913 944 3968 done
961 3914 999 3984 by
1012 3914 1135 3968 Natural
1148 3916 1224 3978 Lair,

125 3994 184 4050 and
199 3994 308 4050 whatia
322 3995 360 4067 by
373 4003 474 4051 nature
488 4003 539 4052 not
554 3998 618 4062 due,
629 3999 682 4053 but
695 3998 762 4068 only
776 3998 892 4053 decent:
912 3996 987 4052 what
1000 3999 1038 4068 by
1052 3998 1101 4052 the
1116 3999 1183 4052 Law
1194 3999 1228 4052 ot

125 4080 247 4135 Nationa
258 4081 282 4134 ia
293 4083 423 4153 required
435 4083 481 4137 for
492 4081 541 4137 the
552 4084 628 4152 jural
639 4083 736 4137 effecta
744 4082 778 4135 of
786 4082 849 4136 that
859 4083 934 4146 Lau,
944 4083 1000 4136 and
1012 4082 1095 4146 what,
1106 4081 1225 4147 besidea,

124 4167 234 4222 follows
247 4167 323 4222 from
337 4167 387 4223 the
401 4169 526 4239 peculiar
540 4167 713 4221 institutione
728 4166 761 4220 of
771 4167 878 4220 certain
892 4166 1015 4236 peoplea.

180 4255 224 4324 By
238 4254 360 4309 Natural
371 4255 446 4318 Law,
457 4254 539 4308 when
551 4253 642 4307 either
655 4252 782 4306 violence
796 4251 819 4304 ia
835 4256 865 4304 to
879 4249 915 4304 be
930 4251 1056 4316 reaiatad,
1068 4267 1101 4306 or
1111 4252 1226 4322 punish.

124 4346 204 4395 ment
222 4340 246 4397 ia
266 4346 297 4395 to
320 4339 357 4395 he
377 4339 494 4394 exacted
515 4339 590 4393 from
607 4355 644 4393 au
661 4336 795 4400 offender,
809 4353 846 4390 no
861 4335 1032 4391 declaration
1047 4338 1070 4392 ia
1084 4340 1224 4410 required.

125 4424 236 4482 Thiaia
257 4425 334 4482 what
354 4425 550 4482 Sthenelaidaa
568 4423 618 4480 the
636 4424 734 4496 Ephor
747 4439 809 4497 aayr
824 4423 854 4479 in
868 4421 1062 4498 Thucydideo:
1093 4426 1141 4484 We
1161 4428 1228 4485 icoc
