<?xml version="1.0" encoding="UTF-8"?>
<!DOCTYPE html PUBLIC "-//W3C//DTD XHTML 1.0 Transitional//EN"
    "http://www.w3.org/TR/xhtml1/DTD/xhtml1-transitional.dtd">
<html xmlns="http://www.w3.org/1999/xhtml" xml:lang="en" lang="en">
 <head>
  <title>
</title>
<meta http-equiv="Content-Type" content="text/html;charset=utf-8" />
  <meta name='ocr-system' content='tesseract 3.04.00' />
  <meta name='ocr-capabilities' content='ocr_page ocr_carea ocr_par ocr_line ocrx_word'/>
</head>
<body>
  <div class='ocr_page' id='page_1' title='image "./hugonisgrotiide02barbgoog_0051.png"; bbox 0 0 2986 5048; ppageno 0'>
   <div class='ocr_carea' id='block_1_1' title="bbox 119 223 1217 293">
    <p class='ocr_par' dir='ltr' id='par_1_1' title="bbox 119 223 1217 293">
     <span class='ocr_line' id='line_1_1' title="bbox 119 223 1217 293; baseline 0.002 -10"><span class='ocrx_word' id='word_1_1' title='bbox 119 228 186 283; x_wconf 78' lang='lat' dir='ltr'>Cst‘.</span> <span class='ocrx_word' id='word_1_2' title='bbox 201 225 235 293; x_wconf 89' lang='lat'>1.]</span> <span class='ocrx_word' id='word_1_3' title='bbox 279 227 449 281; x_wconf 82' lang='lat' dir='ltr'>REGULAE</span> <span class='ocrx_word' id='word_1_4' title='bbox 473 226 700 281; x_wconf 73' lang='lat' dir='ltr'>GENERALES</span> <span class='ocrx_word' id='word_1_5' title='bbox 722 228 776 280; x_wconf 83' lang='lat' dir='ltr'>EX</span> <span class='ocrx_word' id='word_1_6' title='bbox 798 227 896 281; x_wconf 60' lang='lat' dir='ltr'>thhlt</span> <span class='ocrx_word' id='word_1_7' title='bbox 919 227 1099 283; x_wconf 71' lang='lat' dir='ltr'>NATURAE.</span> <span class='ocrx_word' id='word_1_8' title='bbox 1177 223 1217 285; x_wconf 84' lang='grc'>39</span> 
     </span>
    </p>
   </div>
   <div class='ocr_carea' id='block_1_2' title="bbox 109 394 1371 2371">
    <p class='ocr_par' dir='ltr' id='par_1_2' title="bbox 109 394 1371 1774">
     <span class='ocr_line' id='line_1_2' title="bbox 120 394 1350 514; baseline 0.001 -53"><span class='ocrx_word' id='word_1_9' title='bbox 120 396 214 461; x_wconf 90' lang='lat' dir='ltr'>Unde</span> <span class='ocrx_word' id='word_1_10' title='bbox 235 417 304 460; x_wconf 90' lang='lat' dir='ltr'>eum</span> <span class='ocrx_word' id='word_1_11' title='bbox 322 396 453 460; x_wconf 86' lang='lat' dir='ltr'>Perseus</span> <span class='ocrx_word' id='word_1_12' title='bbox 475 394 680 459; x_wconf 77' lang='lat' dir='ltr'>Macedonum</span> <span class='ocrx_word' id='word_1_13' title='bbox 702 416 759 458; x_wconf 83' lang='lat' dir='ltr'>rex</span> <span class='ocrx_word' id='word_1_14' title='bbox 783 394 929 479; x_wconf 88' lang='lat' dir='ltr'>deceptus</span> <span class='ocrx_word' id='word_1_15' title='bbox 949 404 1030 460; x_wconf 87' lang='lat' dir='ltr'>esset</span> <span class='ocrx_word' id='word_1_16' title='bbox 1048 417 1103 481; x_wconf 87' lang='lat' dir='ltr'>spe</span> <span class='ocrx_word' id='word_1_17' title='bbox 1123 398 1217 482; x_wconf 81' lang='lat' dir='ltr'>pacis,</span> <span class='ocrx_word' id='word_1_18' title='bbox 1230 423 1350 514; x_wconf 70' lang='lat' dir='ltr'>[pann</span> 
     </span>
     <span class='ocr_line' id='line_1_3' title="bbox 117 471 1282 583; baseline 0.001 -22"><span class='ocrx_word' id='word_1_19' title='bbox 117 496 279 583; x_wconf 82' lang='lat' dir='ltr'>negabant</span> <span class='ocrx_word' id='word_1_20' title='bbox 291 503 412 559; x_wconf 84' lang='lat' dir='ltr'>veteres</span> <span class='ocrx_word' id='word_1_21' title='bbox 428 502 605 559; x_wconf 85' lang='lat' dir='ltr'>senatorum</span> <span class='ocrx_word' id='word_1_22' title='bbox 623 515 656 558; x_wconf 92' lang='lat' dir='ltr'>se</span> <span class='ocrx_word' id='word_1_23' title='bbox 672 515 841 582; x_wconf 75' lang='lat' dir='ltr'>agnoscere</span> <span class='ocrx_word' id='word_1_24' title='bbox 858 495 1015 559; x_wconf 85' lang='lat' dir='ltr'>Romanas</span> <span class='ocrx_word' id='word_1_25' title='bbox 1032 504 1135 560; x_wconf 86' lang='lat' dir='ltr'>artes:</span> <span class='ocrx_word' id='word_1_26' title='bbox 1155 518 1219 562; x_wconf 89' lang='lat' dir='ltr'>ma·</span> <span class='ocrx_word' id='word_1_27' title='bbox 1230 476 1242 508; x_wconf 72' lang='lat'><strong>⁴</strong></span> <span class='ocrx_word' id='word_1_28' title='bbox 1255 471 1282 519; x_wconf 68' lang='grc' dir='ltr'>’Π</span> 
     </span>
     <span class='ocr_line' id='line_1_4' title="bbox 114 592 1219 682; baseline 0.002 -23"><span class='ocrx_word' id='word_1_29' title='bbox 114 595 202 682; x_wconf 85' lang='lat' dir='ltr'>joras</span> <span class='ocrx_word' id='word_1_30' title='bbox 228 616 383 680; x_wconf 89' lang='lat' dir='ltr'>uunquam</span> <span class='ocrx_word' id='word_1_31' title='bbox 399 604 435 659; x_wconf 86' lang='lat' dir='ltr'>at</span> <span class='ocrx_word' id='word_1_32' title='bbox 451 602 522 658; x_wconf 89' lang='lat' dir='ltr'>astu</span> <span class='ocrx_word' id='word_1_33' title='bbox 546 593 645 680; x_wconf 88' lang='lat' dir='ltr'>magis</span> <span class='ocrx_word' id='word_1_34' title='bbox 662 614 755 679; x_wconf 89' lang='lat' dir='ltr'>quam</span> <span class='ocrx_word' id='word_1_35' title='bbox 771 592 887 658; x_wconf 82' lang='lat' dir='ltr'>virtute</span> <span class='ocrx_word' id='word_1_36' title='bbox 908 593 1117 680; x_wconf 77' lang='lat' dir='ltr'>gloriarentur</span> <span class='ocrx_word' id='word_1_37' title='bbox 1137 596 1219 662; x_wconf 89' lang='lat' dir='ltr'>bella</span> 
     </span>
     <span class='ocr_line' id='line_1_5' title="bbox 119 692 1219 783; baseline 0.003 -24"><span class='ocrx_word' id='word_1_38' title='bbox 119 694 268 783; x_wconf 85' lang='lat' dir='ltr'>gessisse:</span> <span class='ocrx_word' id='word_1_39' title='bbox 293 715 354 757; x_wconf 88' lang='lat' dir='ltr'>non</span> <span class='ocrx_word' id='word_1_40' title='bbox 382 693 527 758; x_wconf 84' lang='lat' dir='ltr'>versutiis</span> <span class='ocrx_word' id='word_1_41' title='bbox 554 692 686 769; x_wconf 87' lang='lat' dir='ltr'>Punicis,</span> <span class='ocrx_word' id='word_1_42' title='bbox 708 715 770 757; x_wconf 91' lang='lat' dir='ltr'>non</span> <span class='ocrx_word' id='word_1_43' title='bbox 795 692 963 759; x_wconf 87' lang='lat' dir='ltr'>ealliditate</span> <span class='ocrx_word' id='word_1_44' title='bbox 990 695 1111 772; x_wconf 84' lang='lat' dir='ltr'>Graeca,</span> <span class='ocrx_word' id='word_1_45' title='bbox 1134 698 1219 782; x_wconf 92' lang='lat' dir='ltr'>apud</span> 
     </span>
     <span class='ocr_line' id='line_1_6' title="bbox 118 791 1218 881; baseline 0.002 -23"><span class='ocrx_word' id='word_1_46' title='bbox 118 814 196 879; x_wconf 90' lang='lat' dir='ltr'>quos</span> <span class='ocrx_word' id='word_1_47' title='bbox 212 793 320 859; x_wconf 89' lang='lat' dir='ltr'>fallere</span> <span class='ocrx_word' id='word_1_48' title='bbox 345 793 466 857; x_wconf 84' lang='lat' dir='ltr'>hostem</span> <span class='ocrx_word' id='word_1_49' title='bbox 483 814 576 879; x_wconf 86' lang='lat' dir='ltr'>quam</span> <span class='ocrx_word' id='word_1_50' title='bbox 594 792 624 856; x_wconf 88' lang='lat' dir='ltr'>vi</span> <span class='ocrx_word' id='word_1_51' title='bbox 642 814 790 879; x_wconf 88' lang='lat' dir='ltr'>superare</span> <span class='ocrx_word' id='word_1_52' title='bbox 816 791 978 881; x_wconf 84' lang='lat' dir='ltr'>gloriosius</span> <span class='ocrx_word' id='word_1_53' title='bbox 994 793 1084 859; x_wconf 78' lang='lat' dir='ltr'>foret.</span> <span class='ocrx_word' id='word_1_54' title='bbox 1138 796 1218 860; x_wconf 88' lang='lat' dir='ltr'>Tum</span> 
     </span>
     <span class='ocr_line' id='line_1_7' title="bbox 116 892 1219 979; baseline 0.004 -22"><span class='ocrx_word' id='word_1_55' title='bbox 116 892 193 958; x_wconf 89' lang='lat' dir='ltr'>illud</span> <span class='ocrx_word' id='word_1_56' title='bbox 217 892 395 958; x_wconf 84' lang='lat' dir='ltr'>addebant:</span> <span class='ocrx_word' id='word_1_57' title='bbox 431 895 598 958; x_wconf 80' lang='lat' dir='ltr'>interdum</span> <span class='ocrx_word' id='word_1_58' title='bbox 623 894 663 956; x_wconf 80' lang='lat' dir='ltr'>in</span> <span class='ocrx_word' id='word_1_59' title='bbox 682 915 828 978; x_wconf 79' lang='lat' dir='ltr'>praeseus</span> <span class='ocrx_word' id='word_1_60' title='bbox 856 905 978 977; x_wconf 82' lang='lat' dir='ltr'>tempos</span> <span class='ocrx_word' id='word_1_61' title='bbox 999 895 1079 978; x_wconf 83' lang='lat' dir='ltr'>plue</span> <span class='ocrx_word' id='word_1_62' title='bbox 1098 898 1219 979; x_wconf 83' lang='lat' dir='ltr'>profici</span> 
     </span>
     <span class='ocr_line' id='line_1_8' title="bbox 117 992 1219 1079; baseline 0.001 -21"><span class='ocrx_word' id='word_1_63' title='bbox 117 994 191 1058; x_wconf 80' lang='lat' dir='ltr'>delo</span> <span class='ocrx_word' id='word_1_64' title='bbox 212 1015 310 1075; x_wconf 81' lang='lat' dir='ltr'>quem</span> <span class='ocrx_word' id='word_1_65' title='bbox 331 994 460 1067; x_wconf 78' lang='lat' dir='ltr'>virtute,</span> <span class='ocrx_word' id='word_1_66' title='bbox 483 994 541 1057; x_wconf 85' lang='lat' dir='ltr'>sed</span> <span class='ocrx_word' id='word_1_67' title='bbox 560 992 627 1076; x_wconf 80' lang='lat' dir='ltr'>ejus</span> <span class='ocrx_word' id='word_1_68' title='bbox 650 994 776 1057; x_wconf 78' lang='lat' dir='ltr'>demum</span> <span class='ocrx_word' id='word_1_69' title='bbox 799 994 946 1057; x_wconf 83' lang='lat' dir='ltr'>animum</span> <span class='ocrx_word' id='word_1_70' title='bbox 969 995 1006 1056; x_wconf 81' lang='lat' dir='ltr'>in</span> <span class='ocrx_word' id='word_1_71' title='bbox 1025 1007 1219 1079; x_wconf 74' lang='lat' dir='ltr'>perpetuum</span> 
     </span>
     <span class='ocr_line' id='line_1_9' title="bbox 117 1094 1219 1181; baseline 0.003 -24"><span class='ocrx_word' id='word_1_72' title='bbox 117 1094 215 1168; x_wconf 67' lang='lat' dir='ltr'>merei,</span> <span class='ocrx_word' id='word_1_73' title='bbox 244 1095 300 1158; x_wconf 80' lang='lat' dir='ltr'>etti</span> <span class='ocrx_word' id='word_1_74' title='bbox 329 1094 484 1176; x_wconf 77' lang='lat' dir='ltr'>consessio</span> <span class='ocrx_word' id='word_1_75' title='bbox 511 1114 662 1178; x_wconf 76' lang='lat' dir='ltr'>erpreeea</span> <span class='ocrx_word' id='word_1_76' title='bbox 691 1104 778 1168; x_wconf 84' lang='lat' dir='ltr'>essct,</span> <span class='ocrx_word' id='word_1_77' title='bbox 810 1114 843 1157; x_wconf 84' lang='lat' dir='ltr'>sc</span> <span class='ocrx_word' id='word_1_78' title='bbox 875 1114 974 1178; x_wconf 81' lang='lat' dir='ltr'>aeque</span> <span class='ocrx_word' id='word_1_79' title='bbox 1003 1105 1085 1173; x_wconf 85' lang='lat' dir='ltr'>erte,</span> <span class='ocrx_word' id='word_1_80' title='bbox 1119 1117 1219 1181; x_wconf 82' lang='lat' dir='ltr'>aeque</span> 
     </span>
     <span class='ocr_line' id='line_1_10' title="bbox 118 1193 1219 1277; baseline 0.002 -20"><span class='ocrx_word' id='word_1_81' title='bbox 118 1214 206 1268; x_wconf 82' lang='lat' dir='ltr'>cusu,</span> <span class='ocrx_word' id='word_1_82' title='bbox 232 1194 288 1258; x_wconf 83' lang='lat' dir='ltr'>sed</span> <span class='ocrx_word' id='word_1_83' title='bbox 317 1193 447 1257; x_wconf 82' lang='lat' dir='ltr'>collatis</span> <span class='ocrx_word' id='word_1_84' title='bbox 467 1194 610 1257; x_wconf 78' lang='lat' dir='ltr'>comiado</span> <span class='ocrx_word' id='word_1_85' title='bbox 632 1193 760 1256; x_wconf 70' lang='lat' dir='ltr'>uiribus</span> <span class='ocrx_word' id='word_1_86' title='bbox 776 1193 870 1276; x_wconf 80' lang='lat' dir='ltr'>justo</span> <span class='ocrx_word' id='word_1_87' title='bbox 901 1194 1021 1277; x_wconf 80' lang='lat' dir='ltr'>cepio</span> <span class='ocrx_word' id='word_1_88' title='bbox 1048 1195 1127 1258; x_wconf 83' lang='lat' dir='ltr'>belle</span> <span class='ocrx_word' id='word_1_89' title='bbox 1154 1217 1219 1260; x_wconf 84' lang='lat' dir='ltr'>esse</span> 
     </span>
     <span class='ocr_line' id='line_1_11' title="bbox 117 1289 1355 1379; baseline -0.002 -23"><span class='ocrx_word' id='word_1_90' title='bbox 117 1304 318 1376; x_wconf 75' lang='lat' dir='ltr'>superamur.</span> <span class='ocrx_word' id='word_1_91' title='bbox 383 1290 489 1354; x_wconf 86' lang='lat' dir='ltr'>Etiam</span> <span class='ocrx_word' id='word_1_92' title='bbox 529 1289 627 1355; x_wconf 88' lang='lat' dir='ltr'>serius</span> <span class='ocrx_word' id='word_1_93' title='bbox 664 1290 748 1376; x_wconf 93' lang='lat' dir='ltr'>apud</span> <span class='ocrx_word' id='word_1_94' title='bbox 787 1290 928 1355; x_wconf 88' lang='lat' dir='ltr'>Tacitum</span> <span class='ocrx_word' id='word_1_95' title='bbox 968 1291 1117 1379; x_wconf 85' lang='lat' dir='ltr'>legimus:</span> <span class='ocrx_word' id='word_1_96' title='bbox 1155 1316 1218 1358; x_wconf 82' lang='lat' dir='ltr'>non</span> <span class='ocrx_word' id='word_1_97' title='bbox 1231 1314 1355 1354; x_wconf 71' lang='lat' dir='ltr'>anatem.</span> 
     </span>
     <span class='ocr_line' id='line_1_12' title="bbox 109 1390 1218 1477; baseline 0.003 -23"><span class='ocrx_word' id='word_1_98' title='bbox 109 1392 247 1474; x_wconf 82' lang='lat' dir='ltr'>fraude,</span> <span class='ocrx_word' id='word_1_99' title='bbox 263 1412 362 1473; x_wconf 81' lang='lat' dir='ltr'>neque</span> <span class='ocrx_word' id='word_1_100' title='bbox 380 1391 509 1465; x_wconf 74' lang='lat' dir='ltr'>occidte,</span> <span class='ocrx_word' id='word_1_101' title='bbox 529 1392 585 1455; x_wconf 81' lang='lat' dir='ltr'>aed</span> <span class='ocrx_word' id='word_1_102' title='bbox 600 1390 720 1474; x_wconf 82' lang='lat' dir='ltr'>palam</span> <span class='ocrx_word' id='word_1_103' title='bbox 744 1401 774 1455; x_wconf 86' lang='lat' dir='ltr'>et</span> <span class='ocrx_word' id='word_1_104' title='bbox 793 1402 960 1455; x_wconf 81' lang='lat' dir='ltr'>armatum</span> <span class='ocrx_word' id='word_1_105' title='bbox 975 1393 1136 1477; x_wconf 67' lang='lat' dir='ltr'>popellum</span> <span class='ocrx_word' id='word_1_106' title='bbox 1153 1397 1218 1457; x_wconf 83' lang='lat' dir='ltr'>Ro·</span> 
     </span>
     <span class='ocr_line' id='line_1_13' title="bbox 117 1486 1366 1604; baseline 0.002 -50"><span class='ocrx_word' id='word_1_107' title='bbox 117 1486 251 1554; x_wconf 76' lang='lat' dir='ltr'>manum</span> <span class='ocrx_word' id='word_1_108' title='bbox 266 1492 370 1555; x_wconf 81' lang='lat' dir='ltr'>hostes</span> <span class='ocrx_word' id='word_1_109' title='bbox 392 1511 466 1555; x_wconf 79' lang='lat' dir='ltr'>creos</span> <span class='ocrx_word' id='word_1_110' title='bbox 483 1486 605 1554; x_wconf 68' lang='lat' dir='ltr'>alciati.</span> <span class='ocrx_word' id='word_1_111' title='bbox 649 1487 741 1554; x_wconf 86' lang='lat' dir='ltr'>Tales</span> <span class='ocrx_word' id='word_1_112' title='bbox 762 1489 856 1554; x_wconf 88' lang='lat' dir='ltr'>etiam</span> <span class='ocrx_word' id='word_1_113' title='bbox 873 1489 1029 1567; x_wconf 84' lang='lat' dir='ltr'>Tibareni,</span> <span class='ocrx_word' id='word_1_114' title='bbox 1049 1490 1102 1577; x_wconf 91' lang='lat' dir='ltr'>qui</span> <span class='ocrx_word' id='word_1_115' title='bbox 1120 1492 1218 1577; x_wconf 75' lang='lat' dir='ltr'>praelii</span> <span class='ocrx_word' id='word_1_116' title='bbox 1230 1511 1295 1604; x_wconf 49' lang='lat' dir='ltr'>§gagg</span> <span class='ocrx_word' id='word_1_117' title='bbox 1301 1511 1338 1594; x_wconf 60' lang='lat' dir='ltr'>gg</span> <span class='ocrx_word' id='word_1_118' title='bbox 1338 1510 1366 1594; x_wconf 49' lang='lat'>1⁰13</span> 
     </span>
     <span class='ocr_line' id='line_1_14' title="bbox 118 1582 1371 1674; baseline 0.002 -21"><span class='ocrx_word' id='word_1_119' title='bbox 118 1610 241 1674; x_wconf 90' lang='lat' dir='ltr'>quoque</span> <span class='ocrx_word' id='word_1_120' title='bbox 270 1589 370 1654; x_wconf 86' lang='lat' dir='ltr'>lecum</span> <span class='ocrx_word' id='word_1_121' title='bbox 395 1597 428 1653; x_wconf 92' lang='lat' dir='ltr'>et</span> <span class='ocrx_word' id='word_1_122' title='bbox 450 1596 573 1674; x_wconf 87' lang='lat' dir='ltr'>tempus</span> <span class='ocrx_word' id='word_1_123' title='bbox 595 1587 806 1653; x_wconf 88' lang='lat' dir='ltr'>condieebant.</span> <span class='ocrx_word' id='word_1_124' title='bbox 863 1588 954 1665; x_wconf 83' lang='lat' dir='ltr'>Quod</span> <span class='ocrx_word' id='word_1_125' title='bbox 977 1598 1009 1655; x_wconf 85' lang='lat' dir='ltr'>ot</span> <span class='ocrx_word' id='word_1_126' title='bbox 1035 1589 1074 1653; x_wconf 94' lang='lat' dir='ltr'>de</span> <span class='ocrx_word' id='word_1_127' title='bbox 1101 1590 1312 1656; x_wconf 59' lang='lat' dir='ltr'>Graculus·</span> <span class='ocrx_word' id='word_1_128' title='bbox 1366 1582 1371 1593; x_wconf 76' lang='grc'><strong>’</strong></span> 
     </span>
     <span class='ocr_line' id='line_1_15' title="bbox 118 1687 986 1774; baseline -0.002 -21"><span class='ocrx_word' id='word_1_129' title='bbox 118 1687 166 1753; x_wconf 87' lang='lat' dir='ltr'>sui</span> <span class='ocrx_word' id='word_1_130' title='bbox 181 1687 329 1774; x_wconf 87' lang='lat' dir='ltr'>temporis</span> <span class='ocrx_word' id='word_1_131' title='bbox 344 1688 428 1774; x_wconf 89' lang='lat' dir='ltr'>apud</span> <span class='ocrx_word' id='word_1_132' title='bbox 445 1687 640 1753; x_wconf 88' lang='lat' dir='ltr'>Herodotum</span> <span class='ocrx_word' id='word_1_133' title='bbox 658 1687 780 1774; x_wconf 89' lang='lat' dir='ltr'>¹pr0dit</span> <span class='ocrx_word' id='word_1_134' title='bbox 796 1687 986 1752; x_wconf 86' lang='lat' dir='ltr'>Mardonius.</span> 
     </span>
    </p>

    <p class='ocr_par' dir='ltr' id='par_1_3' title="bbox 116 1786 1220 2371">
     <span class='ocr_line' id='line_1_16' title="bbox 191 1786 1219 1875; baseline 0.005 -26"><span class='ocrx_word' id='word_1_135' title='bbox 191 1787 282 1852; x_wconf 84' lang='lat' dir='ltr'>XXI.</span> <span class='ocrx_word' id='word_1_136' title='bbox 334 1786 526 1853; x_wconf 87' lang='lat' dir='ltr'>Admodum</span> <span class='ocrx_word' id='word_1_137' title='bbox 548 1786 663 1875; x_wconf 88' lang='lat' dir='ltr'>agendi</span> <span class='ocrx_word' id='word_1_138' title='bbox 689 1795 721 1851; x_wconf 90' lang='lat' dir='ltr'>et</span> <span class='ocrx_word' id='word_1_139' title='bbox 739 1786 814 1851; x_wconf 93' lang='lat' dir='ltr'>illud</span> <span class='ocrx_word' id='word_1_140' title='bbox 840 1786 984 1873; x_wconf 87' lang='lat' dir='ltr'>pertinet,</span> <span class='ocrx_word' id='word_1_141' title='bbox 1011 1787 1093 1873; x_wconf 93' lang='lat' dir='ltr'>quod</span> <span class='ocrx_word' id='word_1_142' title='bbox 1116 1789 1219 1875; x_wconf 68' lang='lat' dir='ltr'>’quie-</span> 
     </span>
     <span class='ocr_line' id='line_1_17' title="bbox 120 1884 1220 1972; baseline 0.005 -23"><span class='ocrx_word' id='word_1_143' title='bbox 120 1884 195 1971; x_wconf 92' lang='lat' dir='ltr'>quid</span> <span class='ocrx_word' id='word_1_144' title='bbox 212 1884 302 1950; x_wconf 91' lang='lat' dir='ltr'>alicui</span> <span class='ocrx_word' id='word_1_145' title='bbox 319 1885 421 1951; x_wconf 82' lang='lat' dir='ltr'>lacere</span> <span class='ocrx_word' id='word_1_146' title='bbox 440 1908 502 1951; x_wconf 89' lang='lat' dir='ltr'>non</span> <span class='ocrx_word' id='word_1_147' title='bbox 518 1886 598 1963; x_wconf 87' lang='lat' dir='ltr'>lieet,</span> <span class='ocrx_word' id='word_1_148' title='bbox 613 1886 654 1951; x_wconf 89' lang='lat' dir='ltr'>ad</span> <span class='ocrx_word' id='word_1_149' title='bbox 671 1885 704 1951; x_wconf 91' lang='lat' dir='ltr'>id</span> <span class='ocrx_word' id='word_1_150' title='bbox 721 1907 791 1950; x_wconf 89' lang='lat' dir='ltr'>eum</span> <span class='ocrx_word' id='word_1_151' title='bbox 809 1885 967 1972; x_wconf 87' lang='lat' dir='ltr'>impellere</span> <span class='ocrx_word' id='word_1_152' title='bbox 984 1896 1039 1951; x_wconf 90' lang='lat' dir='ltr'>aut</span> <span class='ocrx_word' id='word_1_153' title='bbox 1055 1887 1220 1954; x_wconf 85' lang='lat' dir='ltr'>sollicitare</span> 
     </span>
     <span class='ocr_line' id='line_1_18' title="bbox 119 1983 1219 2073; baseline 0.005 -25"><span class='ocrx_word' id='word_1_154' title='bbox 119 2007 181 2050; x_wconf 93' lang='lat' dir='ltr'>non</span> <span class='ocrx_word' id='word_1_155' title='bbox 198 1983 299 2051; x_wconf 89' lang='lat' dir='ltr'>liceat.</span> <span class='ocrx_word' id='word_1_156' title='bbox 339 1986 402 2050; x_wconf 84' lang='lat' dir='ltr'>Pro</span> <span class='ocrx_word' id='word_1_157' title='bbox 417 1985 558 2072; x_wconf 88' lang='lat' dir='ltr'>exemplo</span> <span class='ocrx_word' id='word_1_158' title='bbox 576 1985 638 2050; x_wconf 90' lang='lat' dir='ltr'>sint</span> <span class='ocrx_word' id='word_1_159' title='bbox 655 1987 740 2051; x_wconf 81' lang='lat' dir='ltr'>haee:</span> <span class='ocrx_word' id='word_1_160' title='bbox 762 2007 869 2073; x_wconf 87' lang='lat' dir='ltr'>regem</span> <span class='ocrx_word' id='word_1_161' title='bbox 887 2008 975 2050; x_wconf 89' lang='lat' dir='ltr'>suum</span> <span class='ocrx_word' id='word_1_162' title='bbox 991 1986 1130 2053; x_wconf 88' lang='lat' dir='ltr'>occidere</span> <span class='ocrx_word' id='word_1_163' title='bbox 1148 1990 1219 2053; x_wconf 90' lang='lat' dir='ltr'>sub-</span> 
     </span>
     <span class='ocr_line' id='line_1_19' title="bbox 117 2084 1219 2172; baseline 0.001 -22"><span class='ocrx_word' id='word_1_164' title='bbox 117 2084 184 2150; x_wconf 86' lang='lat' dir='ltr'>dito</span> <span class='ocrx_word' id='word_1_165' title='bbox 210 2106 275 2150; x_wconf 91' lang='lat' dir='ltr'>non</span> <span class='ocrx_word' id='word_1_166' title='bbox 303 2084 384 2161; x_wconf 92' lang='lat' dir='ltr'>lieet,</span> <span class='ocrx_word' id='word_1_167' title='bbox 410 2106 468 2150; x_wconf 90' lang='lat' dir='ltr'>nee</span> <span class='ocrx_word' id='word_1_168' title='bbox 490 2085 605 2171; x_wconf 91' lang='lat' dir='ltr'>oppida</span> <span class='ocrx_word' id='word_1_169' title='bbox 626 2085 694 2151; x_wconf 89' lang='lat' dir='ltr'>siue</span> <span class='ocrx_word' id='word_1_170' title='bbox 718 2084 842 2150; x_wconf 82' lang='lat' dir='ltr'>consilio</span> <span class='ocrx_word' id='word_1_171' title='bbox 868 2085 989 2172; x_wconf 90' lang='lat' dir='ltr'>publico</span> <span class='ocrx_word' id='word_1_172' title='bbox 1011 2086 1135 2163; x_wconf 88' lang='lat' dir='ltr'>dedere,</span> <span class='ocrx_word' id='word_1_173' title='bbox 1162 2110 1219 2153; x_wconf 91' lang='lat' dir='ltr'>nce</span> 
     </span>
     <span class='ocr_line' id='line_1_20' title="bbox 116 2184 1219 2274; baseline 0.001 -24"><span class='ocrx_word' id='word_1_174' title='bbox 116 2184 250 2271; x_wconf 86' lang='lat' dir='ltr'>spoliare</span> <span class='ocrx_word' id='word_1_175' title='bbox 267 2185 357 2251; x_wconf 86' lang='lat' dir='ltr'>cives.</span> <span class='ocrx_word' id='word_1_176' title='bbox 408 2184 459 2249; x_wconf 88' lang='lat' dir='ltr'>Ad</span> <span class='ocrx_word' id='word_1_177' title='bbox 476 2185 544 2249; x_wconf 85' lang='lat' dir='ltr'>haee</span> <span class='ocrx_word' id='word_1_178' title='bbox 558 2207 635 2273; x_wconf 88' lang='lat' dir='ltr'>ergo</span> <span class='ocrx_word' id='word_1_179' title='bbox 654 2184 822 2263; x_wconf 89' lang='lat' dir='ltr'>subditum,</span> <span class='ocrx_word' id='word_1_180' title='bbox 841 2185 893 2272; x_wconf 93' lang='lat' dir='ltr'>qui</span> <span class='ocrx_word' id='word_1_181' title='bbox 910 2185 980 2250; x_wconf 90' lang='lat' dir='ltr'>talis</span> <span class='ocrx_word' id='word_1_182' title='bbox 997 2196 1130 2263; x_wconf 86' lang='lat' dir='ltr'>maneat,</span> <span class='ocrx_word' id='word_1_183' title='bbox 1148 2210 1219 2274; x_wconf 85' lang='lat' dir='ltr'>per-</span> 
     </span>
     <span class='ocr_line' id='line_1_21' title="bbox 117 2283 1219 2371; baseline 0.004 -23"><span class='ocrx_word' id='word_1_184' title='bbox 117 2306 243 2350; x_wconf 76' lang='lat' dir='ltr'>movere</span> <span class='ocrx_word' id='word_1_185' title='bbox 268 2307 331 2349; x_wconf 92' lang='lat' dir='ltr'>non</span> <span class='ocrx_word' id='word_1_186' title='bbox 355 2283 436 2351; x_wconf 91' lang='lat' dir='ltr'>lieet.</span> <span class='ocrx_word' id='word_1_187' title='bbox 481 2283 611 2371; x_wconf 87' lang='lat' dir='ltr'>Semper</span> <span class='ocrx_word' id='word_1_188' title='bbox 633 2283 714 2349; x_wconf 91' lang='lat' dir='ltr'>enim</span> <span class='ocrx_word' id='word_1_189' title='bbox 735 2283 787 2371; x_wconf 90' lang='lat' dir='ltr'>qui</span> <span class='ocrx_word' id='word_1_190' title='bbox 812 2284 903 2350; x_wconf 88' lang='lat' dir='ltr'>alteri</span> <span class='ocrx_word' id='word_1_191' title='bbox 929 2286 1077 2371; x_wconf 86' lang='lat' dir='ltr'>peccandi</span> <span class='ocrx_word' id='word_1_192' title='bbox 1096 2309 1219 2352; x_wconf 87' lang='lat' dir='ltr'>causam</span> 
     </span>
    </p>
   </div>
   <div class='ocr_carea' id='block_1_3' title="bbox 118 2383 1219 2474">
    <p class='ocr_par' dir='ltr' id='par_1_4' title="bbox 118 2383 1219 2474">
     <span class='ocr_line' id='line_1_22' title="bbox 118 2383 1219 2474; baseline 0 -23"><span class='ocrx_word' id='word_1_193' title='bbox 118 2383 184 2460; x_wconf 84' lang='lat' dir='ltr'>dat,</span> <span class='ocrx_word' id='word_1_194' title='bbox 201 2392 310 2471; x_wconf 70' lang='lat' dir='ltr'>peccat</span> <span class='ocrx_word' id='word_1_195' title='bbox 323 2392 356 2450; x_wconf 91' lang='lat' dir='ltr'>et</span> <span class='ocrx_word' id='word_1_196' title='bbox 379 2384 455 2471; x_wconf 90' lang='lat' dir='ltr'>ipse.</span> <span class='ocrx_word' id='word_1_197' title='bbox 507 2385 575 2449; x_wconf 87' lang='lat' dir='ltr'>Nec</span> <span class='ocrx_word' id='word_1_198' title='bbox 589 2393 636 2449; x_wconf 88' lang='lat' dir='ltr'>est</span> <span class='ocrx_word' id='word_1_199' title='bbox 651 2385 735 2471; x_wconf 92' lang='lat' dir='ltr'>quod</span> <span class='ocrx_word' id='word_1_200' title='bbox 754 2393 882 2474; x_wconf 84' lang='lat' dir='ltr'>regerat</span> <span class='ocrx_word' id='word_1_201' title='bbox 901 2385 1071 2472; x_wconf 88' lang='lat' dir='ltr'>quisquam,</span> <span class='ocrx_word' id='word_1_202' title='bbox 1089 2385 1148 2474; x_wconf 89' lang='lat' dir='ltr'>ipsi</span> <span class='ocrx_word' id='word_1_203' title='bbox 1165 2385 1219 2472; x_wconf 87' lang='lat' dir='ltr'>qui</span> 
     </span>
    </p>
   </div>
   <div class='ocr_carea' id='block_1_4' title="bbox 117 2557 1222 2994">
    <p class='ocr_par' dir='ltr' id='par_1_5' title="bbox 118 2557 857 2619">
     <span class='ocr_line' id='line_1_23' title="bbox 118 2557 857 2619; baseline -0.001 -14"><span class='ocrx_word' id='word_1_204' title='bbox 118 2558 212 2605; x_wconf 73' lang='lat' dir='ltr'>strata</span> <span class='ocrx_word' id='word_1_205' title='bbox 219 2558 326 2618; x_wconf 79' lang='lat' dir='ltr'>fiducia,</span> <span class='ocrx_word' id='word_1_206' title='bbox 343 2558 408 2619; x_wconf 87' lang='lat' dir='ltr'>quod</span> <span class='ocrx_word' id='word_1_207' title='bbox 425 2557 516 2618; x_wconf 90' lang='lat' dir='ltr'>optime</span> <span class='ocrx_word' id='word_1_208' title='bbox 532 2557 644 2604; x_wconf 81' lang='lat' dir='ltr'>convenit</span> <span class='ocrx_word' id='word_1_209' title='bbox 692 2562 758 2605; x_wconf 81' lang='lat' dir='ltr'>rurtt.</span> <span class='ocrx_word' id='word_1_210' title='bbox 788 2558 815 2605; x_wconf 83' lang='lat' dir='ltr'>J.</span> <span class='ocrx_word' id='word_1_211' title='bbox 826 2558 857 2605; x_wconf 86' lang='lat' dir='ltr'>B.</span> 
     </span>
    </p>

    <p class='ocr_par' dir='ltr' id='par_1_6' title="bbox 117 2632 1222 2695">
     <span class='ocr_line' id='line_1_24' title="bbox 117 2632 1222 2695; baseline 0 -14"><span class='ocrx_word' id='word_1_212' title='bbox 117 2648 172 2681; x_wconf 82' lang='lat' dir='ltr'>eum</span> <span class='ocrx_word' id='word_1_213' title='bbox 181 2635 210 2681; x_wconf 86' lang='lat' dir='ltr'>iis</span> <span class='ocrx_word' id='word_1_214' title='bbox 220 2649 275 2695; x_wconf 74' lang='lat' dir='ltr'>qua</span> <span class='ocrx_word' id='word_1_215' title='bbox 284 2648 328 2681; x_wconf 86' lang='lat' dir='ltr'>nos</span> <span class='ocrx_word' id='word_1_216' title='bbox 341 2634 412 2695; x_wconf 88' lang='lat' dir='ltr'>hujus</span> <span class='ocrx_word' id='word_1_217' title='bbox 421 2634 566 2694; x_wconf 81' lang='lat' dir='ltr'>paragraphi</span> <span class='ocrx_word' id='word_1_218' title='bbox 575 2633 644 2679; x_wconf 90' lang='lat' dir='ltr'>initio</span> <span class='ocrx_word' id='word_1_219' title='bbox 737 2640 748 2665; x_wconf 86' lang='lat'><strong>¹</strong></span> <span class='ocrx_word' id='word_1_220' title='bbox 765 2632 890 2692; x_wconf 78' lang='lat' dir='ltr'>Quidquid</span> <span class='ocrx_word' id='word_1_221' title='bbox 895 2634 971 2679; x_wconf 73' lang='lat' dir='ltr'>eliciti</span> <span class='ocrx_word' id='word_1_222' title='bbox 973 2635 1059 2692; x_wconf 85' lang='lat' dir='ltr'>faeere</span> <span class='ocrx_word' id='word_1_223' title='bbox 1065 2650 1109 2681; x_wconf 84' lang='lat' dir='ltr'>noa</span> <span class='ocrx_word' id='word_1_224' title='bbox 1120 2636 1180 2692; x_wconf 85' lang='lat' dir='ltr'>licet,</span> <span class='ocrx_word' id='word_1_225' title='bbox 1187 2637 1222 2682; x_wconf 88' lang='lat' dir='ltr'>ud</span> 
     </span>
    </p>

    <p class='ocr_par' dir='ltr' id='par_1_7' title="bbox 117 2706 1221 2846">
     <span class='ocr_line' id='line_1_25' title="bbox 117 2706 1221 2765; baseline -0.001 -9"><span class='ocrx_word' id='word_1_226' title='bbox 117 2711 223 2756; x_wconf 84' lang='lat' dir='ltr'>intexta</span> <span class='ocrx_word' id='word_1_227' title='bbox 232 2710 344 2758; x_wconf 86' lang='lat' dir='ltr'>diximus.</span> <span class='ocrx_word' id='word_1_228' title='bbox 692 2706 721 2751; x_wconf 88' lang='lat' dir='ltr'>id</span> <span class='ocrx_word' id='word_1_229' title='bbox 746 2721 797 2751; x_wconf 82' lang='lat' dir='ltr'>erm</span> <span class='ocrx_word' id='word_1_230' title='bbox 823 2708 940 2765; x_wconf 79' lang='lat' dir='ltr'>impellere</span> <span class='ocrx_word' id='word_1_231' title='bbox 964 2715 1007 2754; x_wconf 77' lang='lat' dir='ltr'>esd</span> <span class='ocrx_word' id='word_1_232' title='bbox 1025 2711 1156 2755; x_wconf 71' lang='lat' dir='ltr'>sollicitare</span> <span class='ocrx_word' id='word_1_233' title='bbox 1175 2726 1221 2755; x_wconf 82' lang='lat' dir='ltr'>nvn</span> 
     </span>
     <span class='ocr_line' id='line_1_26' title="bbox 164 2779 1218 2846; baseline -0.004 -13"><span class='ocrx_word' id='word_1_234' title='bbox 164 2785 267 2833; x_wconf 86' lang='lat' dir='ltr'>¹Loeus</span> <span class='ocrx_word' id='word_1_235' title='bbox 286 2790 324 2832; x_wconf 83' lang='lat' dir='ltr'>est</span> <span class='ocrx_word' id='word_1_236' title='bbox 339 2786 392 2832; x_wconf 89' lang='lat' dir='ltr'>Lib.</span> <span class='ocrx_word' id='word_1_237' title='bbox 411 2798 459 2832; x_wconf 84' lang='lat' dir='ltr'>vn.</span> <span class='ocrx_word' id='word_1_238' title='bbox 475 2798 528 2846; x_wconf 85' lang='lat' dir='ltr'>cap.</span> <span class='ocrx_word' id='word_1_239' title='bbox 542 2786 566 2833; x_wconf 88' lang='grc'>9.</span> <span class='ocrx_word' id='word_1_240' title='bbox 596 2785 644 2832; x_wconf 88' lang='lat' dir='ltr'>Sed</span> <span class='ocrx_word' id='word_1_241' title='bbox 694 2779 776 2839; x_wconf 79' lang='lat' dir='ltr'>liceat]</span> <span class='ocrx_word' id='word_1_242' title='bbox 811 2782 851 2826; x_wconf 84' lang='lat' dir='ltr'>Ita</span> <span class='ocrx_word' id='word_1_243' title='bbox 871 2782 942 2827; x_wconf 87' lang='lat' dir='ltr'>docet</span> <span class='ocrx_word' id='word_1_244' title='bbox 962 2788 987 2828; x_wconf 89' lang='lat' dir='ltr'>et</span> <span class='ocrx_word' id='word_1_245' title='bbox 1013 2784 1171 2831; x_wconf 82' lang='lat' dir='ltr'>Maimenides</span> <span class='ocrx_word' id='word_1_246' title='bbox 1194 2786 1218 2830; x_wconf 91' lang='lat' dir='ltr'>in</span> 
     </span>
    </p>

    <p class='ocr_par' dir='ltr' id='par_1_8' title="bbox 117 2852 1009 2920">
     <span class='ocr_line' id='line_1_27' title="bbox 117 2852 1009 2920; baseline -0.006 -13"><span class='ocrx_word' id='word_1_247' title='bbox 117 2861 159 2907; x_wconf 85' lang='lat' dir='ltr'>abi</span> <span class='ocrx_word' id='word_1_248' title='bbox 169 2861 194 2906; x_wconf 92' lang='lat' dir='ltr'>id</span> <span class='ocrx_word' id='word_1_249' title='bbox 203 2861 293 2920; x_wconf 85' lang='lat' dir='ltr'>reperit</span> <span class='ocrx_word' id='word_1_250' title='bbox 303 2861 397 2906; x_wconf 83' lang='lat' dir='ltr'>Auctor</span> <span class='ocrx_word' id='word_1_251' title='bbox 404 2865 494 2914; x_wconf 85' lang='lat' dir='ltr'>noster,</span> <span class='ocrx_word' id='word_1_252' title='bbox 501 2861 565 2919; x_wconf 89' lang='lat' dir='ltr'>quod</span> <span class='ocrx_word' id='word_1_253' title='bbox 572 2861 644 2905; x_wconf 73' lang='lat' dir='ltr'>rcrlra</span> <span class='ocrx_word' id='word_1_254' title='bbox 693 2853 754 2903; x_wconf 67' lang='lat' dir='ltr'>hm</span> <span class='ocrx_word' id='word_1_255' title='bbox 763 2852 839 2903; x_wconf 68' lang='lat' dir='ltr'>maha</span> <span class='ocrx_word' id='word_1_256' title='bbox 849 2869 901 2916; x_wconf 88' lang='lat' dir='ltr'>cap.</span> <span class='ocrx_word' id='word_1_257' title='bbox 912 2859 936 2902; x_wconf 84' lang='grc' dir='ltr'>ὂ,</span> <span class='ocrx_word' id='word_1_258' title='bbox 946 2857 960 2917; x_wconf 71' lang='lat'>5</span> <span class='ocrx_word' id='word_1_259' title='bbox 973 2860 1009 2903; x_wconf 82' lang='lat'>10.</span> 
     </span>
    </p>

    <p class='ocr_par' dir='ltr' id='par_1_9' title="bbox 119 2934 644 2994">
     <span class='ocr_line' id='line_1_28' title="bbox 119 2934 644 2994; baseline -0.008 -12"><span class='ocrx_word' id='word_1_260' title='bbox 119 2936 212 2992; x_wconf 75' lang='lat' dir='ltr'>uraca,</span> <span class='ocrx_word' id='word_1_261' title='bbox 228 2940 295 2982; x_wconf 80' lang='lat' dir='ltr'>reete</span> <span class='ocrx_word' id='word_1_262' title='bbox 311 2949 421 2994; x_wconf 85' lang='lat' dir='ltr'>expensa,</span> <span class='ocrx_word' id='word_1_263' title='bbox 438 2949 485 2981; x_wconf 92' lang='lat' dir='ltr'>non</span> <span class='ocrx_word' id='word_1_264' title='bbox 499 2948 549 2994; x_wconf 74' lang='lat' dir='ltr'>pra.</span> <span class='ocrx_word' id='word_1_265' title='bbox 565 2948 591 2980; x_wconf 86' lang='lat' dir='ltr'>se</span> <span class='ocrx_word' id='word_1_266' title='bbox 608 2934 644 2979; x_wconf 87' lang='lat' dir='ltr'>l&#39;e-</span> 
     </span>
    </p>
   </div>
   <div class='ocr_carea' id='block_1_5' title="bbox 423 3079 844 3087">
    <p class='ocr_par' dir='ltr' id='par_1_10' title="bbox 423 3079 844 3087">
     <span class='ocr_line' id='line_1_29' title="bbox 423 3079 844 3087; baseline 0.002 -1"><span class='ocrx_word' id='word_1_267' title='bbox 423 3080 440 3086; x_wconf 87' lang='lat'>--</span> <span class='ocrx_word' id='word_1_268' title='bbox 450 3079 596 3086; x_wconf 73' lang='lat'>---—-·..</span> <span class='ocrx_word' id='word_1_269' title='bbox 603 3079 824 3087; x_wconf 74' lang='lat'>-.--————.—.</span> <span class='ocrx_word' id='word_1_270' title='bbox 835 3083 844 3087; x_wconf 87' lang='lat'>-</span> 
     </span>
    </p>
   </div>
   <div class='ocr_carea' id='block_1_6' title="bbox 116 3185 1223 4457">
    <p class='ocr_par' dir='ltr' id='par_1_11' title="bbox 117 3185 1221 3770">
     <span class='ocr_line' id='line_1_30' title="bbox 118 3185 1221 3259; baseline 0.005 -22"><span class='ocrx_word' id='word_1_271' title='bbox 118 3188 233 3255; x_wconf 87' lang='lat' dir='ltr'>present</span> <span class='ocrx_word' id='word_1_272' title='bbox 250 3190 383 3250; x_wconf 90' lang='lat' dir='ltr'>moment,</span> <span class='ocrx_word' id='word_1_273' title='bbox 402 3201 511 3240; x_wconf 84' lang='lat' dir='ltr'>success</span> <span class='ocrx_word' id='word_1_274' title='bbox 528 3185 619 3256; x_wconf 83' lang='lat' dir='ltr'>might</span> <span class='ocrx_word' id='word_1_275' title='bbox 636 3185 672 3240; x_wconf 92' lang='lat' dir='ltr'>be</span> <span class='ocrx_word' id='word_1_276' title='bbox 690 3186 822 3241; x_wconf 86' lang='lat' dir='ltr'>obtained</span> <span class='ocrx_word' id='word_1_277' title='bbox 841 3188 878 3259; x_wconf 82' lang='lat' dir='ltr'>by</span> <span class='ocrx_word' id='word_1_278' title='bbox 898 3188 990 3243; x_wconf 87' lang='lat' dir='ltr'>deecit</span> <span class='ocrx_word' id='word_1_279' title='bbox 1006 3202 1084 3241; x_wconf 89' lang='lat' dir='ltr'>more</span> <span class='ocrx_word' id='word_1_280' title='bbox 1099 3186 1167 3241; x_wconf 89' lang='lat' dir='ltr'>than</span> <span class='ocrx_word' id='word_1_281' title='bbox 1182 3187 1221 3259; x_wconf 76' lang='lat' dir='ltr'>by</span> 
     </span>
     <span class='ocr_line' id='line_1_31' title="bbox 119 3269 1220 3345; baseline 0.003 -21"><span class='ocrx_word' id='word_1_282' title='bbox 119 3269 232 3334; x_wconf 77' lang='lat' dir='ltr'>valeur3</span> <span class='ocrx_word' id='word_1_283' title='bbox 251 3269 303 3324; x_wconf 90' lang='lat' dir='ltr'>but</span> <span class='ocrx_word' id='word_1_284' title='bbox 321 3271 384 3325; x_wconf 90' lang='lat' dir='ltr'>that</span> <span class='ocrx_word' id='word_1_285' title='bbox 401 3271 445 3326; x_wconf 91' lang='lat' dir='ltr'>his</span> <span class='ocrx_word' id='word_1_286' title='bbox 468 3271 545 3325; x_wconf 92' lang='lat' dir='ltr'>mind</span> <span class='ocrx_word' id='word_1_287' title='bbox 560 3273 626 3343; x_wconf 79' lang='lat' dir='ltr'>only</span> <span class='ocrx_word' id='word_1_288' title='bbox 645 3290 699 3326; x_wconf 85' lang='lat' dir='ltr'>was</span> <span class='ocrx_word' id='word_1_289' title='bbox 720 3274 889 3345; x_wconf 82' lang='lat' dir='ltr'>thoroughly</span> <span class='ocrx_word' id='word_1_290' title='bbox 904 3273 1072 3344; x_wconf 85' lang='lat' dir='ltr'>conquered,</span> <span class='ocrx_word' id='word_1_291' title='bbox 1087 3272 1149 3327; x_wconf 79' lang='lat' dir='ltr'>who</span> <span class='ocrx_word' id='word_1_292' title='bbox 1164 3290 1220 3327; x_wconf 88' lang='lat' dir='ltr'>was</span> 
     </span>
     <span class='ocr_line' id='line_1_32' title="bbox 118 3356 1220 3429; baseline 0.002 -19"><span class='ocrx_word' id='word_1_293' title='bbox 118 3356 275 3427; x_wconf 89' lang='lat' dir='ltr'>compelled</span> <span class='ocrx_word' id='word_1_294' title='bbox 292 3363 322 3410; x_wconf 91' lang='grc' dir='ltr'><strong>ιο</strong></span> <span class='ocrx_word' id='word_1_295' title='bbox 337 3357 446 3412; x_wconf 87' lang='lat' dir='ltr'>confess</span> <span class='ocrx_word' id='word_1_296' title='bbox 460 3357 523 3412; x_wconf 86' lang='lat' dir='ltr'>that</span> <span class='ocrx_word' id='word_1_297' title='bbox 541 3357 578 3412; x_wconf 94' lang='lat' dir='ltr'>he</span> <span class='ocrx_word' id='word_1_298' title='bbox 594 3375 648 3412; x_wconf 83' lang='lat' dir='ltr'>was</span> <span class='ocrx_word' id='word_1_299' title='bbox 665 3359 803 3423; x_wconf 89' lang='lat' dir='ltr'>subdued,</span> <span class='ocrx_word' id='word_1_300' title='bbox 815 3365 866 3412; x_wconf 89' lang='lat' dir='ltr'>not</span> <span class='ocrx_word' id='word_1_301' title='bbox 883 3360 922 3429; x_wconf 86' lang='lat' dir='ltr'>by</span> <span class='ocrx_word' id='word_1_302' title='bbox 936 3366 980 3412; x_wconf 86' lang='lat' dir='ltr'>art</span> <span class='ocrx_word' id='word_1_303' title='bbox 995 3376 1027 3411; x_wconf 90' lang='lat' dir='ltr'>or</span> <span class='ocrx_word' id='word_1_304' title='bbox 1047 3359 1086 3428; x_wconf 82' lang='lat' dir='ltr'>by</span> <span class='ocrx_word' id='word_1_305' title='bbox 1105 3358 1220 3423; x_wconf 89' lang='lat' dir='ltr'>chance,</span> 
     </span>
     <span class='ocr_line' id='line_1_33' title="bbox 118 3440 1220 3515; baseline 0.002 -20"><span class='ocrx_word' id='word_1_306' title='bbox 118 3440 170 3496; x_wconf 90' lang='lat' dir='ltr'>but</span> <span class='ocrx_word' id='word_1_307' title='bbox 187 3443 216 3497; x_wconf 93' lang='lat' dir='ltr'>in</span> <span class='ocrx_word' id='word_1_308' title='bbox 235 3460 253 3497; x_wconf 87' lang='lat' dir='ltr'>a</span> <span class='ocrx_word' id='word_1_309' title='bbox 275 3442 350 3497; x_wconf 86' lang='lat' dir='ltr'>close</span> <span class='ocrx_word' id='word_1_310' title='bbox 364 3444 430 3497; x_wconf 89' lang='lat' dir='ltr'>trial</span> <span class='ocrx_word' id='word_1_311' title='bbox 445 3443 478 3496; x_wconf 81' lang='lat' dir='ltr'>of</span> <span class='ocrx_word' id='word_1_312' title='bbox 496 3443 623 3514; x_wconf 85' lang='lat' dir='ltr'>strength</span> <span class='ocrx_word' id='word_1_313' title='bbox 644 3445 674 3497; x_wconf 93' lang='lat' dir='ltr'>in</span> <span class='ocrx_word' id='word_1_314' title='bbox 693 3447 784 3515; x_wconf 87' lang='lat' dir='ltr'>ajuet</span> <span class='ocrx_word' id='word_1_315' title='bbox 805 3444 861 3497; x_wconf 86' lang='lat' dir='ltr'>aad</span> <span class='ocrx_word' id='word_1_316' title='bbox 883 3446 963 3515; x_wconf 89' lang='lat' dir='ltr'>pious</span> <span class='ocrx_word' id='word_1_317' title='bbox 982 3460 1047 3496; x_wconf 85' lang='lat' dir='ltr'>war.</span> <span class='ocrx_word' id='word_1_318' title='bbox 1087 3444 1125 3496; x_wconf 86' lang='lat' dir='ltr'>So</span> <span class='ocrx_word' id='word_1_319' title='bbox 1149 3460 1220 3497; x_wconf 86' lang='lat' dir='ltr'>even</span> 
     </span>
     <span class='ocr_line' id='line_1_34' title="bbox 117 3526 1220 3593; baseline 0.001 -12"><span class='ocrx_word' id='word_1_320' title='bbox 117 3526 190 3582; x_wconf 90' lang='lat' dir='ltr'>later</span> <span class='ocrx_word' id='word_1_321' title='bbox 204 3529 233 3581; x_wconf 90' lang='lat' dir='ltr'>in</span> <span class='ocrx_word' id='word_1_322' title='bbox 249 3529 371 3583; x_wconf 87' lang='lat' dir='ltr'>Tacitus.</span> <span class='ocrx_word' id='word_1_323' title='bbox 410 3529 486 3583; x_wconf 87' lang='lat' dir='ltr'>Such</span> <span class='ocrx_word' id='word_1_324' title='bbox 502 3537 549 3584; x_wconf 87' lang='lat' dir='ltr'>too</span> <span class='ocrx_word' id='word_1_325' title='bbox 562 3547 634 3584; x_wconf 80' lang='lat' dir='ltr'>were</span> <span class='ocrx_word' id='word_1_326' title='bbox 649 3530 698 3585; x_wconf 89' lang='lat' dir='ltr'>the</span> <span class='ocrx_word' id='word_1_327' title='bbox 713 3531 904 3593; x_wconf 89' lang='lat' dir='ltr'>Tibareuians,</span> <span class='ocrx_word' id='word_1_328' title='bbox 915 3529 977 3581; x_wconf 87' lang='lat' dir='ltr'>who</span> <span class='ocrx_word' id='word_1_329' title='bbox 993 3528 1158 3583; x_wconf 88' lang='lat' dir='ltr'>announeed</span> <span class='ocrx_word' id='word_1_330' title='bbox 1170 3527 1220 3582; x_wconf 87' lang='lat' dir='ltr'>be-</span> 
     </span>
     <span class='ocr_line' id='line_1_35' title="bbox 117 3613 1220 3686; baseline 0 -18"><span class='ocrx_word' id='word_1_331' title='bbox 117 3613 254 3668; x_wconf 81' lang='lat' dir='ltr'>forehand</span> <span class='ocrx_word' id='word_1_332' title='bbox 269 3613 319 3669; x_wconf 87' lang='lat' dir='ltr'>the</span> <span class='ocrx_word' id='word_1_333' title='bbox 333 3615 402 3669; x_wconf 90' lang='lat' dir='ltr'>time</span> <span class='ocrx_word' id='word_1_334' title='bbox 416 3615 472 3669; x_wconf 91' lang='lat' dir='ltr'>and</span> <span class='ocrx_word' id='word_1_335' title='bbox 487 3616 566 3686; x_wconf 87' lang='lat' dir='ltr'>place</span> <span class='ocrx_word' id='word_1_336' title='bbox 578 3616 611 3670; x_wconf 87' lang='lat' dir='ltr'>of</span> <span class='ocrx_word' id='word_1_337' title='bbox 622 3616 720 3671; x_wconf 90' lang='lat' dir='ltr'>battle.</span> <span class='ocrx_word' id='word_1_338' title='bbox 757 3615 820 3669; x_wconf 86' lang='lat' dir='ltr'>llnd</span> <span class='ocrx_word' id='word_1_339' title='bbox 834 3615 998 3669; x_wconf 87' lang='lat' dir='ltr'>Mardonius</span> <span class='ocrx_word' id='word_1_340' title='bbox 1014 3616 1044 3668; x_wconf 89' lang='lat' dir='ltr'>in</span> <span class='ocrx_word' id='word_1_341' title='bbox 1058 3614 1220 3669; x_wconf 89' lang='lat' dir='ltr'>Herodotus</span> 
     </span>
     <span class='ocr_line' id='line_1_36' title="bbox 117 3699 851 3770; baseline 0.001 -17"><span class='ocrx_word' id='word_1_342' title='bbox 117 3714 181 3770; x_wconf 84' lang='lat' dir='ltr'>says</span> <span class='ocrx_word' id='word_1_343' title='bbox 195 3700 259 3755; x_wconf 88' lang='lat' dir='ltr'>that</span> <span class='ocrx_word' id='word_1_344' title='bbox 272 3699 323 3756; x_wconf 85' lang='lat' dir='ltr'>the</span> <span class='ocrx_word' id='word_1_345' title='bbox 338 3700 446 3756; x_wconf 81' lang='lat' dir='ltr'>Greeks</span> <span class='ocrx_word' id='word_1_346' title='bbox 462 3702 495 3755; x_wconf 84' lang='lat' dir='ltr'>of</span> <span class='ocrx_word' id='word_1_347' title='bbox 506 3701 549 3755; x_wconf 90' lang='lat' dir='ltr'>his</span> <span class='ocrx_word' id='word_1_348' title='bbox 562 3703 630 3757; x_wconf 89' lang='lat' dir='ltr'>time</span> <span class='ocrx_word' id='word_1_349' title='bbox 642 3702 690 3755; x_wconf 89' lang='lat' dir='ltr'>did</span> <span class='ocrx_word' id='word_1_350' title='bbox 705 3702 754 3758; x_wconf 89' lang='lat' dir='ltr'>the</span> <span class='ocrx_word' id='word_1_351' title='bbox 766 3719 851 3757; x_wconf 84' lang='lat' dir='ltr'>same.</span> 
     </span>
    </p>

    <p class='ocr_par' dir='ltr' id='par_1_12' title="bbox 116 3784 1223 4457">
     <span class='ocr_line' id='line_1_37' title="bbox 171 3784 1220 3859; baseline 0.002 -20"><span class='ocrx_word' id='word_1_352' title='bbox 171 3784 255 3841; x_wconf 87' lang='lat' dir='ltr'>XXI.</span> <span class='ocrx_word' id='word_1_353' title='bbox 300 3785 339 3841; x_wconf 81' lang='lat' dir='ltr'>As</span> <span class='ocrx_word' id='word_1_354' title='bbox 363 3792 393 3841; x_wconf 88' lang='lat' dir='ltr'>to</span> <span class='ocrx_word' id='word_1_355' title='bbox 417 3786 492 3841; x_wconf 81' lang='lat' dir='ltr'>what</span> <span class='ocrx_word' id='word_1_356' title='bbox 511 3804 645 3843; x_wconf 85' lang='lat' dir='ltr'>cenceros</span> <span class='ocrx_word' id='word_1_357' title='bbox 669 3787 719 3844; x_wconf 90' lang='lat' dir='ltr'>the</span> <span class='ocrx_word' id='word_1_358' title='bbox 742 3788 826 3845; x_wconf 90' lang='lat' dir='ltr'>mode</span> <span class='ocrx_word' id='word_1_359' title='bbox 848 3788 882 3842; x_wconf 83' lang='lat' dir='ltr'>of</span> <span class='ocrx_word' id='word_1_360' title='bbox 897 3788 1001 3859; x_wconf 88' lang='lat' dir='ltr'>aeting,</span> <span class='ocrx_word' id='word_1_361' title='bbox 1015 3787 1071 3842; x_wconf 91' lang='lat' dir='ltr'>this</span> <span class='ocrx_word' id='word_1_362' title='bbox 1090 3788 1114 3842; x_wconf 91' lang='lat' dir='ltr'>is</span> <span class='ocrx_word' id='word_1_363' title='bbox 1135 3794 1166 3841; x_wconf 90' lang='lat' dir='ltr'>to</span> <span class='ocrx_word' id='word_1_364' title='bbox 1183 3786 1220 3841; x_wconf 92' lang='lat' dir='ltr'>be</span> 
     </span>
     <span class='ocr_line' id='line_1_38' title="bbox 118 3869 1221 3938; baseline 0.001 -15"><span class='ocrx_word' id='word_1_365' title='bbox 118 3870 224 3934; x_wconf 80' lang='lat' dir='ltr'>neied3</span> <span class='ocrx_word' id='word_1_366' title='bbox 244 3869 308 3925; x_wconf 87' lang='lat' dir='ltr'>that</span> <span class='ocrx_word' id='word_1_367' title='bbox 324 3871 400 3926; x_wconf 84' lang='lat' dir='ltr'>what</span> <span class='ocrx_word' id='word_1_368' title='bbox 421 3873 444 3927; x_wconf 92' lang='lat' dir='ltr'>it</span> <span class='ocrx_word' id='word_1_369' title='bbox 465 3874 489 3927; x_wconf 89' lang='lat' dir='ltr'>is</span> <span class='ocrx_word' id='word_1_370' title='bbox 511 3880 562 3928; x_wconf 92' lang='lat' dir='ltr'>not</span> <span class='ocrx_word' id='word_1_371' title='bbox 579 3874 673 3928; x_wconf 82' lang='lat' dir='ltr'>lawful</span> <span class='ocrx_word' id='word_1_372' title='bbox 691 3875 737 3929; x_wconf 85' lang='lat' dir='ltr'>for</span> <span class='ocrx_word' id='word_1_373' title='bbox 754 3875 873 3930; x_wconf 91' lang='lat' dir='ltr'>another</span> <span class='ocrx_word' id='word_1_374' title='bbox 891 3881 921 3930; x_wconf 94' lang='grc' dir='ltr'><strong>ιο</strong></span> <span class='ocrx_word' id='word_1_375' title='bbox 940 3874 984 3938; x_wconf 92' lang='lat' dir='ltr'>do,</span> <span class='ocrx_word' id='word_1_376' title='bbox 1002 3874 1066 3928; x_wconf 83' lang='lat' dir='ltr'>itis</span> <span class='ocrx_word' id='word_1_377' title='bbox 1087 3879 1138 3927; x_wconf 88' lang='lat' dir='ltr'>not</span> <span class='ocrx_word' id='word_1_378' title='bbox 1156 3872 1221 3925; x_wconf 82' lang='lat' dir='ltr'>law-</span> 
     </span>
     <span class='ocr_line' id='line_1_39' title="bbox 117 3954 1220 4030; baseline 0.001 -22"><span class='ocrx_word' id='word_1_379' title='bbox 117 3954 223 4009; x_wconf 82' lang='lat' dir='ltr'>fultor</span> <span class='ocrx_word' id='word_1_380' title='bbox 239 3972 273 4010; x_wconf 81' lang='lat' dir='ltr'>aa</span> <span class='ocrx_word' id='word_1_381' title='bbox 291 3962 321 4011; x_wconf 93' lang='grc' dir='ltr'><strong>ιο</strong></span> <span class='ocrx_word' id='word_1_382' title='bbox 345 3959 430 4030; x_wconf 90' lang='lat' dir='ltr'>impel</span> <span class='ocrx_word' id='word_1_383' title='bbox 448 3974 482 4013; x_wconf 91' lang='lat' dir='ltr'>or</span> <span class='ocrx_word' id='word_1_384' title='bbox 498 3960 590 4014; x_wconf 91' lang='lat' dir='ltr'>solicit</span> <span class='ocrx_word' id='word_1_385' title='bbox 611 3960 671 4013; x_wconf 89' lang='lat' dir='ltr'>him</span> <span class='ocrx_word' id='word_1_386' title='bbox 697 3967 728 4015; x_wconf 98' lang='grc' dir='ltr'><strong>ιο</strong></span> <span class='ocrx_word' id='word_1_387' title='bbox 748 3961 793 4015; x_wconf 91' lang='lat' dir='ltr'>do.</span> <span class='ocrx_word' id='word_1_388' title='bbox 840 3961 892 4015; x_wconf 90' lang='lat' dir='ltr'>We</span> <span class='ocrx_word' id='word_1_389' title='bbox 915 3977 979 4030; x_wconf 83' lang='lat' dir='ltr'>may</span> <span class='ocrx_word' id='word_1_390' title='bbox 1001 3960 1067 4013; x_wconf 83' lang='lat' dir='ltr'>take</span> <span class='ocrx_word' id='word_1_391' title='bbox 1086 3957 1154 4011; x_wconf 91' lang='lat' dir='ltr'>such</span> <span class='ocrx_word' id='word_1_392' title='bbox 1172 3974 1220 4009; x_wconf 85' lang='lat' dir='ltr'>ex·</span> 
     </span>
     <span class='ocr_line' id='line_1_40' title="bbox 117 4040 1221 4114; baseline -0.001 -20"><span class='ocrx_word' id='word_1_393' title='bbox 117 4040 227 4113; x_wconf 90' lang='lat' dir='ltr'>amples</span> <span class='ocrx_word' id='word_1_394' title='bbox 248 4058 279 4096; x_wconf 83' lang='lat' dir='ltr'>aa</span> <span class='ocrx_word' id='word_1_395' title='bbox 297 4042 392 4098; x_wconf 91' lang='lat' dir='ltr'>these:</span> <span class='ocrx_word' id='word_1_396' title='bbox 413 4046 435 4099; x_wconf 89' lang='lat' dir='ltr'>it</span> <span class='ocrx_word' id='word_1_397' title='bbox 453 4045 477 4098; x_wconf 89' lang='lat' dir='ltr'>is</span> <span class='ocrx_word' id='word_1_398' title='bbox 499 4053 550 4099; x_wconf 90' lang='lat' dir='ltr'>uot</span> <span class='ocrx_word' id='word_1_399' title='bbox 567 4045 661 4099; x_wconf 81' lang='lat' dir='ltr'>lawful</span> <span class='ocrx_word' id='word_1_400' title='bbox 679 4045 725 4099; x_wconf 87' lang='lat' dir='ltr'>for</span> <span class='ocrx_word' id='word_1_401' title='bbox 739 4063 757 4099; x_wconf 88' lang='lat' dir='ltr'>a</span> <span class='ocrx_word' id='word_1_402' title='bbox 771 4046 879 4114; x_wconf 87' lang='lat' dir='ltr'>subject</span> <span class='ocrx_word' id='word_1_403' title='bbox 897 4051 927 4098; x_wconf 92' lang='grc' dir='ltr'><strong>ιο</strong></span> <span class='ocrx_word' id='word_1_404' title='bbox 949 4044 999 4096; x_wconf 82' lang='lat' dir='ltr'>ktll</span> <span class='ocrx_word' id='word_1_405' title='bbox 1016 4043 1059 4096; x_wconf 91' lang='lat' dir='ltr'>his</span> <span class='ocrx_word' id='word_1_406' title='bbox 1077 4043 1154 4110; x_wconf 78' lang='lat' dir='ltr'>king,</span> <span class='ocrx_word' id='word_1_407' title='bbox 1168 4056 1221 4093; x_wconf 90' lang='lat' dir='ltr'>nor</span> 
     </span>
     <span class='ocr_line' id='line_1_41' title="bbox 117 4125 1222 4202; baseline -0.005 -21"><span class='ocrx_word' id='word_1_408' title='bbox 117 4136 148 4181; x_wconf 91' lang='grc' dir='ltr'><strong>ιο</strong></span> <span class='ocrx_word' id='word_1_409' title='bbox 163 4129 226 4197; x_wconf 81' lang='lat' dir='ltr'>give</span> <span class='ocrx_word' id='word_1_410' title='bbox 240 4144 279 4200; x_wconf 91' lang='lat' dir='ltr'>up</span> <span class='ocrx_word' id='word_1_411' title='bbox 295 4134 383 4184; x_wconf 80' lang='lat' dir='ltr'>towns</span> <span class='ocrx_word' id='word_1_412' title='bbox 398 4130 516 4185; x_wconf 79' lang='lat' dir='ltr'>without</span> <span class='ocrx_word' id='word_1_413' title='bbox 530 4130 625 4202; x_wconf 91' lang='lat' dir='ltr'>public</span> <span class='ocrx_word' id='word_1_414' title='bbox 640 4129 791 4199; x_wconf 86' lang='lat' dir='ltr'>authority,</span> <span class='ocrx_word' id='word_1_415' title='bbox 805 4145 858 4182; x_wconf 91' lang='lat' dir='ltr'>nor</span> <span class='ocrx_word' id='word_1_416' title='bbox 877 4134 907 4182; x_wconf 92' lang='lat' dir='ltr'>to</span> <span class='ocrx_word' id='word_1_417' title='bbox 930 4127 1038 4197; x_wconf 87' lang='lat' dir='ltr'>despoil</span> <span class='ocrx_word' id='word_1_418' title='bbox 1056 4127 1100 4179; x_wconf 88' lang='lat' dir='ltr'>his</span> <span class='ocrx_word' id='word_1_419' title='bbox 1114 4125 1222 4179; x_wconf 84' lang='lat' dir='ltr'>follow·</span> 
     </span>
     <span class='ocr_line' id='line_1_42' title="bbox 117 4212 1222 4282; baseline -0.003 -14"><span class='ocrx_word' id='word_1_420' title='bbox 117 4214 241 4269; x_wconf 79' lang='lat' dir='ltr'>citizens.</span> <span class='ocrx_word' id='word_1_421' title='bbox 287 4214 442 4271; x_wconf 82' lang='lat' dir='ltr'>Therefere</span> <span class='ocrx_word' id='word_1_422' title='bbox 457 4217 480 4271; x_wconf 88' lang='lat' dir='ltr'>it</span> <span class='ocrx_word' id='word_1_423' title='bbox 494 4217 517 4270; x_wconf 89' lang='lat' dir='ltr'>is</span> <span class='ocrx_word' id='word_1_424' title='bbox 532 4222 583 4270; x_wconf 90' lang='lat' dir='ltr'>not</span> <span class='ocrx_word' id='word_1_425' title='bbox 597 4214 691 4268; x_wconf 83' lang='lat' dir='ltr'>lawful</span> <span class='ocrx_word' id='word_1_426' title='bbox 707 4220 736 4268; x_wconf 90' lang='lat' dir='ltr'>to</span> <span class='ocrx_word' id='word_1_427' title='bbox 755 4230 836 4268; x_wconf 83' lang='lat' dir='ltr'>more</span> <span class='ocrx_word' id='word_1_428' title='bbox 855 4229 873 4266; x_wconf 91' lang='lat' dir='ltr'>a</span> <span class='ocrx_word' id='word_1_429' title='bbox 888 4213 995 4275; x_wconf 88' lang='lat' dir='ltr'>citizen,</span> <span class='ocrx_word' id='word_1_430' title='bbox 1010 4212 1174 4282; x_wconf 86' lang='lat' dir='ltr'>continuing</span> <span class='ocrx_word' id='word_1_431' title='bbox 1191 4212 1222 4265; x_wconf 91' lang='lat' dir='ltr'>in</span> 
     </span>
     <span class='ocr_line' id='line_1_43' title="bbox 116 4295 1222 4370; baseline -0.002 -16"><span class='ocrx_word' id='word_1_432' title='bbox 116 4299 180 4354; x_wconf 88' lang='lat' dir='ltr'>that</span> <span class='ocrx_word' id='word_1_433' title='bbox 203 4299 358 4366; x_wconf 75' lang='lat' dir='ltr'>character,</span> <span class='ocrx_word' id='word_1_434' title='bbox 379 4308 411 4356; x_wconf 92' lang='grc' dir='ltr'><strong>ιο</strong></span> <span class='ocrx_word' id='word_1_435' title='bbox 435 4302 472 4356; x_wconf 91' lang='lat' dir='ltr'>do</span> <span class='ocrx_word' id='word_1_436' title='bbox 490 4301 558 4356; x_wconf 86' lang='lat' dir='ltr'>such</span> <span class='ocrx_word' id='word_1_437' title='bbox 580 4300 682 4370; x_wconf 86' lang='lat' dir='ltr'>things.</span> <span class='ocrx_word' id='word_1_438' title='bbox 719 4300 777 4355; x_wconf 87' lang='lat' dir='ltr'>For</span> <span class='ocrx_word' id='word_1_439' title='bbox 798 4300 827 4353; x_wconf 89' lang='lat' dir='ltr'>ia</span> <span class='ocrx_word' id='word_1_440' title='bbox 844 4298 882 4351; x_wconf 92' lang='lat' dir='ltr'>all</span> <span class='ocrx_word' id='word_1_441' title='bbox 901 4312 986 4361; x_wconf 83' lang='lat' dir='ltr'>cases,</span> <span class='ocrx_word' id='word_1_442' title='bbox 1007 4296 1044 4351; x_wconf 93' lang='lat' dir='ltr'>he</span> <span class='ocrx_word' id='word_1_443' title='bbox 1062 4295 1125 4352; x_wconf 82' lang='lat' dir='ltr'>who</span> <span class='ocrx_word' id='word_1_444' title='bbox 1146 4299 1222 4369; x_wconf 80' lang='lat' dir='ltr'>gives</span> 
     </span>
     <span class='ocr_line' id='line_1_44' title="bbox 116 4383 1223 4457; baseline -0.004 -17"><span class='ocrx_word' id='word_1_445' title='bbox 116 4385 237 4442; x_wconf 81' lang='lat' dir='ltr'>another</span> <span class='ocrx_word' id='word_1_446' title='bbox 251 4396 336 4443; x_wconf 76' lang='lat' dir='ltr'>deuse</span> <span class='ocrx_word' id='word_1_447' title='bbox 354 4393 386 4443; x_wconf 91' lang='grc' dir='ltr'><strong>ιο</strong></span> <span class='ocrx_word' id='word_1_448' title='bbox 400 4389 452 4453; x_wconf 88' lang='lat' dir='ltr'>sin,</span> <span class='ocrx_word' id='word_1_449' title='bbox 472 4387 539 4442; x_wconf 89' lang='lat' dir='ltr'>does</span> <span class='ocrx_word' id='word_1_450' title='bbox 553 4386 669 4441; x_wconf 82' lang='lat' dir='ltr'>himself</span> <span class='ocrx_word' id='word_1_451' title='bbox 683 4387 735 4442; x_wconf 90' lang='lat' dir='ltr'>sin.</span> <span class='ocrx_word' id='word_1_452' title='bbox 781 4385 842 4440; x_wconf 83' lang='lat' dir='ltr'>Nor</span> <span class='ocrx_word' id='word_1_453' title='bbox 865 4385 889 4439; x_wconf 88' lang='lat' dir='ltr'>is</span> <span class='ocrx_word' id='word_1_454' title='bbox 910 4384 933 4438; x_wconf 88' lang='lat' dir='ltr'>it</span> <span class='ocrx_word' id='word_1_455' title='bbox 954 4383 1066 4456; x_wconf 83' lang='lat' dir='ltr'>enough</span> <span class='ocrx_word' id='word_1_456' title='bbox 1089 4390 1120 4438; x_wconf 93' lang='lat' dir='ltr'>to</span> <span class='ocrx_word' id='word_1_457' title='bbox 1143 4386 1223 4457; x_wconf 81' lang='lat' dir='ltr'>reply</span> 
     </span>
    </p>
   </div>
   <div class='ocr_carea' id='block_1_7' title="bbox 0 0 1499 5048">
    <p class='ocr_par' dir='ltr' id='par_1_13' title="bbox 0 0 1499 5048">
     <span class='ocr_line' id='line_1_45' title="bbox 0 0 1499 5048; baseline 0 0"><span class='ocrx_word' id='word_1_458' title='bbox 0 0 1499 5048; x_wconf 95' lang='lat' dir='ltr'> </span> 
     </span>
    </p>
   </div>
  </div>
 </body>
</html>
