2986 5048
279 293 320 356 60
423 302 476 356 DE
498 298 622 355 Butuo
644 299 765 355 tusto
788 299 875 354 srvit
900 298 1069 355 SOLENNI
1089 299 1189 355 tuan
1234 297 1309 365 [hie.
1325 301 1381 356 111.

273 461 445 546 -τομένονν
472 487 536 531 eon
559 478 605 531 eet
622 466 708 548 quod
723 465 829 531 uerbis
850 478 880 530 et
896 466 1041 550 judiciis
1058 466 1269 549 disceptemus
1285 466 1380 532 ultra

110 582 235 669 15¹3th
275 567 377 632 uerbo
405 566 483 631 lael.
535 565 579 630 Et
608 563 738 629 Latinus
767 564 852 650 apud
883 563 1208 629 Halicarnassensem:
1234 559 1295 630 τὸν
1321 558 1380 656 ἄρ-

277 692 384 759 χοντα
416 658 567 741 πολέμου
601 665 664 735 πᾶς
689 659 708 731 o‘
742 664 926 755 προπάθων
957 659 1127 744 ἀμύνεται·
1154 663 1272 727 bellum
1295 665 1379 748 inse·

276 777 396 831 rentem
419 766 532 849 isqui
556 765 725 850 impetitur
748 786 772 827 ο
796 786 829 828 ee
851 764 1001 848 repellere
1024 763 1110 828 solet.
1159 761 1202 826 Et
1229 761 1378 831 AElisnus

274 885 316 929 ex
332 863 463 929 Platone
480 862 534 939 ait,
550 862 651 948 ³quod
667 863 710 928 ad
726 862 966 949 propulsandam
983 860 1045 926 vim
1063 859 1227 947 suscipitur
1248 860 1375 943 bellum,

273 985 336 1028 non
360 985 380 1029 a
405 962 616 1039 caduceatore,
643 961 699 1027 sed
723 983 744 1027 a
768 970 882 1026 natura
902 959 1005 1026 indici.
1058 960 1140 1025 Hinc
1164 959 1249 1024 Dion
1271 961 1376 1049 Chry-

110 1074 230 1124 meree.
273 1070 425 1129 sostomns
441 1061 474 1128 in
490 1084 529 1128 ea
544 1083 614 1148 quae
631 1069 679 1127 est
694 1061 736 1125 ad
752 1059 1012 1136 Nicomedenses,
1030 1055 1170 1135 πόλεμον
1193 1057 1234 1132 ὠς
1254 1054 1313 1128 ἐπὶ
1332 1056 1375 1128 ro*

274 1164 440 1232 πλεῖστον
465 1156 639 1254 ἀκήρυκτοι
664 1162 858 1250 γίγνονται·
880 1162 1040 1246 pleraque
1061 1161 1146 1225 bella
1167 1161 1237 1225 sine
1252 1162 1375 1226 deutera

110 1271 154 1313 Ut
163 1276 259 1316 ¹¹¹¹·st
274 1264 410 1328 tiatioee
438 1263 672 1347 decipientur.
723 1260 790 1325 Nec
821 1260 861 1325 ob
890 1258 983 1324 aliam
1015 1280 1139 1324 oausam
1169 1257 1276 1323 Livius
1305 1260 1374 1325 Me·

271 1360 367 1448 nippo
384 1361 533 1448 praeieoto
555 1359 701 1426 Antiochi
726 1358 832 1445 objicit
851 1359 936 1445 quod
956 1360 1113 1424 Romanos
1128 1358 1279 1444 quosdam
1296 1359 1373 1423 ceci-

272 1460 368 1526 disset
383 1460 521 1526 nondum
545 1469 601 1525 aut
624 1459 739 1525 indicto
764 1459 855 1534 bello,
877 1467 933 1525 eut
956 1458 1001 1524 ita
1017 1457 1178 1523 commisso
1194 1465 1230 1523 ut
1246 1457 1372 1524 strictos

271 1559 392 1648 gladios
419 1568 475 1627 ant
501 1559 683 1647 sanguinem
710 1580 840 1644 usquam
873 1557 989 1623 iactum
1021 1557 1199 1622 audissent:
1232 1577 1270 1623 eo
1304 1557 1372 1643 ipso

271 1659 436 1726 ostendens
461 1681 501 1725 ex
523 1658 572 1724 his
595 1658 713 1724 dnobus
738 1658 871 1724 alterum
893 1656 1029 1744 potuisse
1053 1656 1094 1723 ad
1120 1655 1194 1722 iacti
1219 1655 1372 1722 defensio·

270 1780 340 1824 nem
357 1760 505 1825 sufficere.
557 1759 669 1845 Neque
686 1757 786 1845 magis
812 1779 870 1843 per
884 1765 1007 1822 natnrae
1019 1755 1071 1842 jus
1088 1754 1213 1821 indictio
1229 1777 1371 1822 neeessa-

268 1856 317 1924 ria
333 1867 390 1937 est,
407 1858 433 1924 si
449 1858 591 1925 dominus
606 1857 653 1923 rei
670 1879 734 1923 sua
751 1877 876 1922 manum
893 1855 1018 1941 injicere
1035 1854 1117 1921 velit.

344 1960 365 2023 2
399 1958 447 2024 At
471 1957 592 2044 quoties
614 1977 672 2043 pro
696 1977 733 2021 re
758 1975 820 2020 una
847 1976 899 2020 res
925 1954 996 2030 alis,
1024 1964 1080 2021 aut
1104 1975 1163 2041 pro
1187 1953 1369 2022 debitores

267 2056 416 2123 debitoris
431 2056 599 2133 invaditur,
617 2055 776 2141 multoque
799 2053 898 2142 magis
917 2053 943 2119 si
966 2075 1017 2118 res
1042 2075 1149 2119 eorum
1166 2054 1219 2140 qui
1236 2053 1370 2121 debitori

266 2221 363 2280 ripere
396 2220 497 2267 πάντας
524 2219 669 2279 ἀνθρώπους
694 2238 726 2266 re
751 2220 793 2268 eol
841 2221 884 2268 sed
901 2221 1004 2281 scriptor
1021 2222 1186 2269 Taoticorum:
1202 2223 1252 2283 qni,
1267 2226 1295 2268 ut
1311 2237 1368 2282 pro-

267 2295 350 2353 θεοὺς,
365 2295 407 2341 lori
423 2296 462 2355 τῷ
481 2294 674 2355 προκοτῆρχθοι
687 2296 734 2341 τοῦ
745 2313 792 2342 ero·
841 2297 891 2354 bet,
905 2299 991 2343 Artem
1003 2298 1133 2344 Militarem
1147 2299 1253 2343 omnium
1268 2297 1369 2343 utilissi-

265 2369 343 2427 λέμου
357 2368 537 2427 retulissetis·
553 2370 704 2416 omneeDeoe
718 2370 793 2416 tomi·
841 2385 904 2416 mam
921 2385 980 2429 esse,
994 2372 1036 2429 ait,
1056 2372 1166 2418 omnibns
1183 2371 1327 2418 Hominibus
1344 2377 1370 2417 et

267 2459 351 2505 necque
366 2445 503 2503 testabatur,
518 2447 633 2505 inceptum
647 2459 664 2492 ο
677 2460 732 2507 νινε
744 2447 791 2493 bel-
843 2447 1129 2504 civitatibusseeuntum
1137 2449 1368 2502 Plutonem,bellum

267 2519 324 2567 ium.
358 2520 434 2580 (Peg.
450 2518 518 2578 ter.)
554 2520 626 2567 Addo
646 2534 699 2580 quse
720 2521 793 2568 hebet
841 2521 905 2568 inter
914 2525 1193 2581 seessenaturnliter,et
1203 2523 1299 2584 quidem
1307 2522 1369 2576 dxii·

267 2594 378 2640 Moriens
388 2607 446 2641 xix.
454 2596 491 2642 13.
521 2593 560 2641 De
569 2595 634 2641 bello
644 2609 692 2641 non
703 2596 792 2642 indicto
840 2615 855 2656 ρ
858 2614 942 2644 ooooo
957 2597 1036 2644 Locus
1046 2604 1082 2644 eet
1092 2613 1145 2660 cop.
1153 2600 1169 2645 i.
1180 2613 1236 2659 pag,
1244 2601 1282 2645 12.
1296 2598 1368 2644 Edit.

266 2669 468 2731 videDexippnm
479 2670 504 2715 in
515 2671 634 2731 excerptis
647 2671 677 2717 ds
689 2671 792 2733 legatio·
840 2671 924 2718 Arcer.
937 2672 1003 2720 161³.
1031 2672 1093 2719 Vide
1103 2674 1168 2733 epnd
1178 2673 1256 2735 ipsum
1266 2674 1366 2721 Puero·

266 2743 351 2792 nibuse
366 2744 432 2805 (png.
444 2745 466 2792 6.
497 2744 566 2792 Edit.
576 2744 704 2805 Hoeeebei.)
841 2759 905 2805 unu,
917 2747 1034 2810 Deleqq.
1047 2748 1100 2796 Lib.
1109 2762 1126 2796 1.
1138 2763 1195 2811 pag.
1204 2749 1249 2797 626
1258 2761 1283 2795 Δ.
1296 2749 1366 2796 Tom.

310 2816 791 2881 'Minimsloquitnrdevipropnlsnnda
842 2835 873 2871 11.
901 2821 973 2870 «LB.

265 2906 311 2941 neo
320 2895 398 2955 magis
408 2895 438 2941 de
450 2894 582 2941 indictione
592 2895 703 2954 quadam,
717 2895 790 2942 AEnt·
885 2897 892 2932 ¹
907 2896 1010 2945 Honeste
1020 2903 1096 2945 temese
1103 2903 1124 2944 et
1131 2898 1285 2945 laudabiliter
1295 2900 1365 2946 inter·

265 2981 337 3026 sans,
354 2969 465 3015 nimirum
476 2982 524 3015 non
535 2971 629 3015 Auctor
643 2969 683 3015 ille
695 2969 791 3016 notissi-
836 2971 947 3033 ponitur]
963 2973 1026 3020 Vide
1036 2974 1171 3020 Marionem
1182 2985 1268 3020 xxvu.
1281 2977 1318 3020 13.

264 3058 318 3090 mne
343 3043 419 3090 Varie
438 3043 561 3100 Historiis,
586 3049 611 3090 et
631 3045 790 3103 Animalinm‚
885 3054 904 3080 Β
919 3047 959 3094 De
975 3047 1092 3094 mandis
1108 3048 1239 3095 rationibus
1255 3048 1311 3094 belii
1327 3048 1365 3094 oi-

582 3174 632 3181 -·--
638 3177 706 3183 —.
713 3177 952 3187 ...-....-—--———
960 3178 1024 3185 ...ω
1034 3180 1039 3184 .
1048 3179 1053 3183 .

264 3269 311 3315 etot
332 3270 358 3314 to
381 3262 502 3331 wroeple
518 3261 548 3315 in
565 3265 654 3318 words
676 3267 734 3320 aad
745 3267 896 3338 pleodiepa
918 3265 994 3336 being
1014 3266 1140 3334 utroeqed
1157 3265 1188 3318 ἰν
1203 3281 1275 3319 more
1296 3269 1363 3323 ttae

263 3347 360 3401 words.
406 3345 471 3401 And
491 3348 609 3403 Latinus
632 3351 661 3404 in
680 3351 847 3423 Dionysius:
870 3351 915 3405 He
934 3351 991 3404 who
1015 3351 1102 3420 begins
1122 3366 1141 3401 a
1163 3366 1224 3401 wer
1245 3367 1310 3421 may
1334 3357 1363 3409 bs

263 3433 377 3504 repelled
394 3435 427 3505 by
444 3436 486 3489 tbe
501 3436 620 3507 sufferer.
665 3436 703 3491 So
722 3436 804 3490 Elian
821 3436 897 3490 from
914 3435 1005 3489 Plato.
1050 3435 1147 3488 Honos
1164 3435 1220 3489 Dio
1240 3435 1363 3509 Chryso·

262 3527 336 3575 stom
350 3537 413 3593 says
427 3522 491 3576 that
504 3531 572 3577 most
586 3539 659 3576 wore
672 3539 720 3576 cre
736 3524 820 3592 heyne
833 3522 944 3574 ιοίεὶιονι
957 3520 1122 3574 declaration
1142 3523 1178 3594 os
1189 3539 1256 3576 wer.
1296 3525 1361 3580 And

262 3622 300 3661 on
314 3606 363 3661 the
377 3624 454 3662 same
477 3607 586 3678 ground
604 3607 675 3678 Livy
691 3607 797 3677 objeots
817 3612 847 3661 to
861 3607 1020 3677 Menippus,
1037 3607 1087 3662 the
1103 3608 1261 3678 prefectos
1279 3609 1361 3664 Anti-

262 3692 357 3757 ochus,
371 3692 434 3745 that
447 3692 484 3745 he
502 3692 558 3746 had
572 3692 645 3746 slain
658 3692 766 3745 certain
779 3692 912 3755 Romans,
926 3709 983 3745 war
997 3692 1081 3764 being
1095 3694 1205 3749 neither
1220 3695 1360 3762 deelared‚

261 3792 316 3830 nor
328 3791 359 3828 so
374 3775 417 3828 far
432 3775 559 3845 existing,
577 3775 640 3829 thet
657 3775 725 3847 they
746 3775 802 3829 hed
819 3776 908 3831 heard
923 3777 956 3832 of
974 3780 1077 3834 swords
1093 3781 1188 3834 drawn
1202 3781 1258 3835 and
1273 3780 1359 3836 blood

261 3859 348 3925 shed3
365 3858 431 3913 thus
442 3859 565 3930 showing
576 3859 639 3914 thet
653 3858 745 3914 either
756 3861 790 3915 of
801 3860 880 3917 these
895 3869 950 3917 two
962 3881 1038 3921 cases
1053 3866 1145 3921 would
1160 3867 1230 3921 have
1244 3867 1358 3922 sufficed

260 3946 307 4001 for
328 3943 378 3999 the
398 3944 512 3999 defense
534 3944 568 3998 of
585 3943 635 3999 the
655 3949 710 3999 act.
747 3946 810 4000 Nor
831 3949 855 4003 is
878 3949 1051 4007 declaration
1073 3953 1106 4006 of
1124 3969 1180 4006 war
1198 3970 1254 4024 any
1278 3970 1358 4008 more

260 4048 415 4101 necessary,
429 4030 456 4083 it
466 4029 515 4084 tho
527 4045 621 4084 owner
632 4035 765 4102 attempts
777 4038 806 4087 to
822 4034 868 4106 lay
881 4034 971 4092 hands
986 4055 1062 4110 upon
1076 4039 1120 4093 his
1135 4055 1196 4092 own
1212 4046 1355 4110 property.

314 4124 332 4173 2
360 4119 418 4172 But
434 4116 581 4171 whensrer
602 4132 657 4171 one
674 4116 755 4190 thing
776 4120 800 4175 is
821 4122 908 4177 taken
929 4141 960 4178 as
981 4126 1104 4197 security
1118 4124 1164 4178 ior
1181 4125 1309 4189 another,
1323 4140 1357 4178 or

259 4204 308 4260 the
323 4210 458 4277 property
476 4202 510 4258 of
527 4202 576 4258 the
596 4202 697 4258 debtor
710 4204 734 4259 is
749 4209 840 4262 seized
854 4208 900 4263 for
914 4210 963 4266 the
978 4211 1054 4274 dobt,
1074 4211 1130 4265 and
1154 4210 1212 4264 still
1232 4227 1319 4274 more,
1334 4211 1360 4263 if

259 4305 315 4359 any
329 4307 383 4346 one
397 4297 453 4345 sete
468 4288 555 4345 about
576 4290 673 4360 taking
691 4290 740 4347 the
754 4303 889 4368 property
903 4297 937 4351 of
953 4297 1034 4353 those
1048 4296 1111 4350 who
1125 4312 1174 4350 are
1188 4297 1310 4366 subjecte
1325 4295 1358 4350 of

259 4372 309 4426 the
328 4375 437 4440 debtor‚
456 4393 474 4430 s
492 4376 594 4431 formal
612 4376 733 4430 demand
751 4379 774 4432 is
791 4384 933 4452 requisito,
950 4383 988 4453 by
1005 4381 1096 4435 which
1117 4381 1140 4434 it
1158 4398 1221 4453 may
1241 4399 1356 4453 appear,

258 4456 321 4512 that
335 4459 365 4510 in
379 4476 417 4514 no
431 4462 514 4516 other
529 4479 588 4533 way
602 4477 655 4515 can
673 4477 715 4515 we
732 4464 830 4521 obtain
844 4483 898 4521 our
915 4472 1050 4539 property
1063 4482 1097 4521 or
1110 4483 1162 4521 our
1176 4467 1253 4523 debt.
1299 4467 1357 4521 For
