2986 5048
304 292 366 358 178
683 294 735 349 DE
757 294 1021 351 POSTLIMINIO.
1258 291 1334 362 [1:113.
1347 295 1403 353 111.

139 485 277 575 mee.
302 460 440 528 mulieris
456 457 674 550 prostitutione
690 457 855 538 emittitur,
873 458 1031 545 multaque
1047 455 1108 523 elie
1119 455 1193 544 jure
1209 458 1353 525 Romano
1370 459 1405 526 in

304 562 443 628 savorem
468 559 685 625 redimentium
711 568 744 625 et
769 580 890 646 pcenem
917 557 1129 646 proximorum
1155 557 1210 644 qui
1240 580 1313 625 suos
1339 581 1404 625 non

303 661 462 727 redimunt
478 659 645 725 constitute
661 667 743 724 sunt.

380 763 401 826 3
436 762 573 825 Rursum
589 767 713 824 suctum
730 766 779 824 est
794 756 973 845 postliminii
991 757 1043 845 jus
1059 756 1129 845 lege
1145 755 1238 834 civili,
1254 779 1293 823 eo
1318 758 1405 844 qnod

305 882 367 925 non
384 881 422 924 ee
438 867 559 925 tentum
582 879 653 944 ques
674 856 707 921 in
723 856 909 944 postliminio
925 865 999 923 sunt
1017 856 1090 944 jure
1111 856 1261 945 gentium,
1279 858 1336 923 sed
1351 880 1404 923 res

306 980 420 1033 omnes,
434 958 509 1044 jure
533 957 637 1023 omnio
660 956 791 1043 perinde
813 957 969 1023 habentur
991 977 1029 1022 ec
1050 956 1077 1021 si
1097 955 1124 1021 is
1143 955 1198 1041 qui
1213 955 1308 1023 rediit
1324 980 1404 1023 nun-

305 1080 398 1144 qusm
421 1056 555 1123 hostium
580 1056 697 1142 potitus
726 1061 826 1122 esset:
855 1056 940 1142 quod
968 1064 1001 1122 et
1023 1054 1096 1142 jure
1125 1055 1230 1121 Attico
1257 1055 1404 1126 obtinuit.

305 1158 398 1235 Nem,
415 1166 452 1222 ut
469 1155 552 1242 opud
571 1155 704 1220 Dionem
721 1156 935 1221 Prusaeensem
952 1154 1092 1221 cretione
1108 1176 1163 1221 xv.
1178 1153 1319 1243 legimus,
1336 1155 1406 1242 qui·

142 1276 290 1327 hewse
306 1257 377 1322 dem
402 1256 509 1322 Gallice
534 1277 568 1320 se
592 1254 688 1320 tilium
713 1254 820 1321 dicens
843 1264 968 1341 ceptum
993 1254 1026 1319 in
1048 1253 1137 1320 clede
1155 1254 1197 1321 od
1214 1254 1403 1331 Acanthum,

306 1364 338 1423 et
354 1356 498 1423 serviisse
514 1354 547 1420 in
564 1354 707 1433 Thracis,
726 1376 795 1421 cum
818 1355 958 1421 Athones
974 1353 1160 1441 postliminio
1177 1353 1331 1431 rediisset,
1347 1355 1404 1420 he-

305 1455 471 1520 reditatem
485 1454 592 1519 callio
608 1475 628 1519 s
645 1453 869 1540 possessoribus
885 1453 983 1540 petiit,
1001 1475 1058 1519 nec
1075 1452 1159 1519 eliud
1175 1452 1340 1539 quaesitum
1355 1462 1408 1521 est

143 1575 269 1623 Pteme
306 1553 338 1620 in
350 1553 466 1641 judicio
483 1574 577 1639 quem
593 1574 635 1618 en
650 1553 677 1618 is
693 1560 806 1620 revere
819 1553 928 1619 Celliee
945 1561 1027 1618 esset
1040 1551 1130 1618 tilius.
1176 1552 1265 1617 Idem
1282 1561 1403 1630 narret,

305 1653 475 1719 Messenios
491 1675 559 1719 oum
585 1652 679 1741 longo
703 1663 843 1740 tempore
865 1651 1053 1729 serviissent,
1075 1651 1203 1718 tendom
1222 1659 1255 1717 et
1273 1650 1405 1718 liberte-

145 1769 269 1808 wtet'r
306 1763 369 1820 tem
397 1762 430 1820 et
456 1752 616 1842 regionem
643 1752 805 1841 recepisse.
856 1754 925 1817 lmo
948 1760 981 1817 et
1005 1773 1077 1837 qnoe
1103 1773 1162 1838 per
1183 1750 1405 1837 usnoopionem

139 1816 287 1909 militm
305 1862 361 1919 ent
376 1852 589 1919 liberationem
607 1875 647 1917 ex
664 1852 751 1918 bonis
767 1852 935 1927 subtrscte,
953 1850 1003 1916 vel
1020 1873 1083 1916 non
1099 1850 1214 1916 utendo
1231 1849 1319 1916 finite
1335 1872 1405 1916 esee

306 1952 503 2029 videbuntur,
537 1951 658 2017 actione
682 1951 860 2017 rescissoris
883 1950 1110 2017 restituunturt
1143 1971 1216 2014 nem
1241 1949 1274 2014 in
1299 1949 1405 2016 edicte

157 2096 170 2153 ἁ
171 2070 196 2154 p
202 2070 287 2157 2133}
306 2051 346 2116 de
367 2051 535 2138 majoribus
559 2050 592 2114 in
614 2050 771 2138 integrum
792 2049 1000 2125 restituendis,
1018 2048 1044 2115 is
1060 2048 1333 2136 comprehenditur
1350 2049 1405 2135 qui

186 2146 196 2202 -’
286 2145 338 2215 'in
355 2152 490 2216 hostium
512 2157 745 2235 estpotestate.
797 2151 841 2216 Et
861 2151 921 2216 hoc
936 2148 1062 2236 quidem
1085 2148 1171 2215 venit
1190 2168 1230 2214 ex
1248 2147 1323 2235 jure
1339 2149 1405 2214 Ro-

306 2270 398 2314 mano
415 2248 552 2334 entique.

379 2350 405 2413 4
438 2348 482 2414 At
499 2347 550 2413 lex
574 2347 719 2414 Cornelis
745 2347 839 2414 etiem
862 2347 1031 2415 heredibus
1056 2345 1207 2413 consuluit
1224 2368 1333 2412 eorum
1350 2348 1407 2433 qni

306 2446 390 2533 cepti
413 2447 499 2534 epud
521 2447 626 2512 hostes
648 2447 866 2515 decessissent:
891 2449 975 2513 bons
998 2468 1106 2513 eorum
1126 2467 1313 2512 comensem
1334 2467 1407 2534 per-

305 2545 379 2611 inde
395 2546 484 2632 quesi
501 2545 554 2632 qui
579 2568 640 2611 non
662 2546 745 2612 redit
759 2546 825 2632 jem
847 2569 883 2613 eo
904 2556 1046 2633 tempore
1063 2567 1124 2633 quo
1141 2554 1250 2632 ceptus
1276 2554 1324 2611 est
1350 2546 1406 2612 de-

306 2645 456 2713 cessisset.
503 2647 581 2725 Quae
606 2646 681 2733 jure
703 2645 806 2713 civilis
828 2647 854 2711 si
880 2646 980 2723 tolles,
1004 2645 1090 2711 heud
1116 2643 1209 2710 dubie
1234 2644 1340 2711 stetim
1369 2652 1407 2710 ut

349 2831 359 2855 ·
374 2800 447 2869 nim
456 2820 706 2883 ecflorescere
715 2836 832 2882 erepan-
882 2827 925 2869 ae
940 2822 1017 2870 count
1032 2821 1063 2867 as
1080 2820 1185 2867 nesse
1200 2820 1266 2881 sape
1280 2824 1303 2867 e
1318 2822 1410 2868 mere

306 2897 375 2958 tium]
392 2898 454 2943 Vide
464 2898 536 2958 oyem
550 2898 735 2957 Wisipotttioam
744 2896 798 2944 Lib.
807 2911 832 2945 v.
882 2896 976 2943 domim
1000 2896 1161 2952 restituentur,
1174 2896 1197 2940 si
1216 2908 1263 2941 ιιοιι
1280 2900 1336 2941 eunt
1354 2901 1410 2941 onte

306 2973 345 3018 tit.
357 2973 386 3017 iv.
397 2987 417 3017 c.
429 2975 466 3018 16.
883 2970 914 3017 ob
930 2971 1007 3017 altero
1023 2970 1171 3016 vendentibus
1188 2967 1293 3016 hortibus
1304 2970 1331 3016 ιἰι
1345 2985 1409 3017 ceor-

353 3045 461 3091 ιΕΙιίιιιι
479 3059 539 3104 repe
559 3043 671 3104 alienati]
699 3046 734 3091 At
754 3046 832 3092 edicto
882 3045 1281 3106 mcicocrnparoti.(Csp.148.)
1310 3046 1412 3093 Vndeet

308 3116 451 3164 'theuderici
470 3119 505 3164 its
524 3119 682 3165 constitutum
703 3123 752 3166 est:
771 3120 834 3167 cerei
884 3121 1053 3168 Cassiodornm
1066 3132 1106 3167 111.
1116 3121 1154 3169 43.
1185 3122 1221 3168 At
1234 3119 1410 3183 lcquuipet-

363 3370 380 3420 3
401 3365 500 3437 Agnin,
515 3366 565 3423 the
579 3369 716 3442 privilege
727 3388 782 3426 vves
797 3371 937 3427 extended
951 3371 990 3443 by
1001 3371 1050 3428 the
1064 3371 1176 3426 Romen
1188 3369 1245 3425 end
1256 3366 1335 3425 Attio
1346 3368 1409 3436 lev,

306 3467 337 3506 so
353 3451 415 3506 thot
429 3453 467 3507 ell
482 3454 570 3525 rights
585 3472 658 3512 vvere
671 3457 798 3512 restored
812 3466 842 3512 to
858 3456 907 3512 the
923 3474 1033 3530 person.
1079 3457 1118 3511 So
1136 3472 1154 3510 s
1174 3471 1286 3527 person,
1303 3454 1411 3527 calling

306 3536 423 3593 himself
438 3540 551 3595 theson
571 3542 605 3595 ot
623 3542 733 3609 Gellies,
753 3542 815 3599 who
830 3543 886 3598 hed
905 3543 978 3598 been
998 3559 1016 3597 e
1036 3542 1113 3597 slsve
1127 3542 1158 3597 in
1172 3541 1290 3605 Τ1ιιοοο,
1302 3539 1410 3613 heving

305 3623 379 3678 been
391 3625 477 3679 taken
487 3626 517 3679 in
531 3626 578 3682 the
590 3627 686 3683 defert
697 3635 727 3682 et
736 3628 888 3690 Acanthus.
900 3628 1034 3683 returned
1044 3634 1073 3682 to
1085 3627 1201 3692 Athens,
1218 3626 1276 3681 end
1287 3624 1410 3682 claimed

306 3708 355 3763 the
368 3709 542 3765 inhcritence
550 3712 583 3766 oi
592 3713 693 3769 colliso
705 3715 779 3768 from
791 3714 840 3769 the
851 3731 1005 3785 possessore
1017 3714 1051 3768 of
1058 3713 1094 3778 it;
1108 3712 1173 3778 end,
1184 3713 1213 3766 in
1225 3710 1275 3767 the
1287 3710 1361 3776 trivii,
1370 3728 1409 3766 no

306 3793 424 3863 enquiry
434 3810 488 3848 ves
503 3797 594 3860 medo,
604 3805 704 3869 cxccpt
718 3799 844 3854 whether
857 3799 895 3854 he
907 3816 979 3854 vvere
991 3799 1040 3854 the
1051 3815 1103 3853 son
1113 3798 1147 3853 of
1156 3798 1265 3853 Cellius.
1304 3797 1344 3852 So
1358 3796 1410 3853 the

305 3876 487 3943 Messeniens,
510 3880 584 3934 efter
603 3881 670 3954 long
692 3883 841 3949 servitude,
864 3884 1014 3941 recovered
1037 3883 1112 3940 their
1135 3883 1239 3955 liberty
1259 3881 1314 3937 eud
1334 3882 1410 3937 their

306 3970 433 4034 country.
458 3965 537 4019 Evcn
552 3965 625 4020 vbst
639 3967 696 4023 hed
710 3968 847 4026 beenlost
860 3970 899 4044 by
911 3970 1085 4043 usucaption,
1099 3986 1132 4025 or
1146 3968 1303 4033 otherwise,
1318 3968 1411 4040 might

305 4048 342 4104 be
354 4050 514 4106 recovered.

364 4143 381 4190 4
404 4136 465 4192 The
485 4137 633 4194 Cornelien
655 4141 707 4195 lev
726 4142 862 4215 provided
880 4142 926 4196 ior
940 4140 989 4196 the
1011 4140 1086 4197 boirs
1107 4141 1140 4196 of
1157 4140 1238 4196 those
1259 4138 1322 4193 vhe
1342 4138 1409 4194 died

306 4220 389 4277 while
404 4224 433 4277 in
448 4223 497 4279 the
509 4226 639 4282 encmics'
650 4227 748 4283 hends.
785 4229 816 4283 Ii
828 4228 882 4283 this
897 4226 953 4281 hed
971 4234 1021 4282 not
1035 4228 1108 4283 beon
1122 4244 1162 4289 so,
1177 4243 1233 4297 any
1247 4242 1302 4280 one
1317 4224 1409 4296 might

306 4306 378 4362 here
392 4309 483 4364 scired
497 4311 572 4365 their
589 4320 731 4385 property,
751 4314 798 4368 ior
817 4314 885 4385 they
899 4329 971 4368 vvere
984 4313 1127 4368 rockened
1141 4330 1172 4367 es
1186 4310 1332 4375 nullifled3
1351 4311 1409 4366 end

306 4391 332 4443 ii
350 4392 416 4464 they
431 4397 570 4461 returned,
584 4396 641 4451 hed
659 4415 696 4452 no
714 4398 798 4469 right,
821 4405 921 4471 except
941 4405 972 4454 te
985 4399 1189 4471 postliminium
1197 4400 1263 4470 jure
1276 4397 1408 4469 portium.
