2986 5048
118 316 188 372 (ise.
202 309 281 385 XV.]
421 314 731 380 AOQUISITIONEM
752 312 914 369 IMPERII.
1158 304 1221 370 277

116 484 292 569 imperium
303 481 404 565 juata
421 481 610 556 libertatem,
628 502 813 565 pancorum
829 480 1009 544 dominatio
1032 479 1130 563 reaia
1148 480 1223 543 libi-

116 584 192 647 dini
211 583 352 667 propior
378 592 432 645 est.
489 578 553 644 Sed
579 577 729 664 ejusmodi
754 578 940 643 mutationes
964 599 1006 642 an
1030 577 1072 643 ad
1095 576 1222 644 victoris

118 679 317 748 securitatem
334 677 461 762 iaciant,
476 700 539 742 non
555 686 604 743 est
620 686 736 743 nostrae
752 676 957 763 inspectionis.

195 779 256 843 IX.
298 777 333 843 Si
352 776 452 843 minus
470 786 570 843 tutum
587 775 628 842 sit
644 775 727 840 omni
744 775 776 840 in
793 775 891 841 victos
907 775 1038 862 imperio
1054 773 1221 853 abstinere,

118 876 290 965 temperari
305 885 411 943 tamen
427 897 479 941 res
491 882 603 963 potest,
621 883 657 941 ut
672 874 789 960 aliquid
804 874 925 962 imperii
942 875 1135 960 relinquatur
1147 874 1223 960 ipsis

118 985 176 1043 aut
199 976 337 1063 ipsorum
362 974 499 1063 regibus.
551 972 662 1060 Populi
692 973 826 1039 Romani
853 974 1104 1040 consuetudinem
1131 982 1222 1040 vocat

119 1074 247 1142 Tacitus
270 1082 307 1141 ut
329 1074 461 1140 haberet
483 1075 700 1138 instrumenta
723 1074 890 1139 servitutis
911 1086 942 1139 et
961 1096 1058 1158 repes.
1110 1072 1221 1137 Eidem
1234 1092 1372 1140 roscen

119 1175 303 1241 Antiochus
327 1174 571 1239 inservientium
596 1194 708 1256 repam
736 1174 942 1238 ditissimus:
967 1169 1122 1257 βασιλεῖς
1143 1168 1223 1238 Ῥω·
1236 1185 1361 1226 fleetu-

119 1274 220 1354 naias
241 1269 390 1352 intimos,
411 1271 465 1335 ²in
481 1269 710 1335 commentariis
730 1269 770 1334 de
788 1269 951 1336 Musonio:
977 1280 1010 1337 et
1031 1270 1114 1358 apud
1135 1271 1223 1335 Stra·
1236 1300 1335 1349 rasa.

120 1373 233 1438 bonam
250 1370 332 1436 circa
348 1371 439 1435 finem
454 1369 525 1434 libri
543 1368 632 1435 sexti.
680 1369 831 1449 Lucanus,
1237 1410 1355 1449 „ww

304 1498 396 1571 Atque
412 1499 502 1554 omnis
516 1486 611 1552 ¹Latio
626 1513 688 1568 qum
703 1499 789 1552 servit
803 1514 928 1569 purpure
941 1498 1027 1553 ferro.
1234 1457 1276 1494 m

121 1606 174 1673 Sic
196 1606 279 1692 apud
304 1605 433 1671 Jndaeos
458 1603 572 1670 mansit
596 1611 753 1689 sceptrum
780 1603 812 1668 in
839 1603 1005 1691 Synedrio,
1032 1603 1125 1669 etiam
1151 1614 1223 1689 post

120 1705 367 1772 confiscationem
391 1703 548 1771 Archelai.
600 1702 766 1790 Euagorae
786 1703 887 1790 Cypri
904 1724 971 1780 rex,
995 1711 1031 1768 ut
1047 1703 1131 1789 apud
1146 1702 1221 1767 Dia
1235 1720 1350 1760 crassa

120 1804 230 1870 dorum
247 1813 304 1880 est,
323 1803 447 1868 dicebat
464 1802 545 1867 velle
561 1823 595 1866 sc
610 1802 716 1866 Perseo
737 1802 874 1879 obedire,
890 1801 946 1866 sed
962 1811 998 1868 ut
1018 1824 1126 1890 regem
1142 1801 1221 1889 regi.

120 1902 166 1970 Et
180 1902 278 1968 Dario
295 1902 376 1968 victo
394 1900 557 1988 aliquoties
573 1901 653 1964 hanc
673 1900 879 1965 conditionem
895 1901 1018 1966 ferebat
1032 1900 1220 1981 Alexander,
1236 1920 1378 1961 sesanna.

120 2006 184 2068 ¹¹‘nt
205 2003 272 2088 ipse
290 2001 462 2089 imperaret
479 1999 557 2075 aliie,
581 2007 708 2085 pareret
732 1998 924 2065 Alexandro.
975 2000 1042 2064 Nos
1062 1998 1102 2064 de
1123 1999 1223 2064 modis

121 2100 268 2166 miscendi
283 2098 407 2186 imperii
424 2097 556 2163 diximus
572 2097 655 2162 alibi.
701 2098 892 2174 Quibusdam
909 2120 983 2185 pars
997 2098 1088 2186 regni
1104 2098 1221 2175 relicta,
1237 2120 1282 2207 pp
1292 2119 1387 2206 {paup

120 2200 202 2266 sicut
218 2198 376 2264 veteribus
393 2195 619 2283 possessoribus
636 2217 784 2284 agrorum
802 2219 884 2283 pars.

197 2298 238 2362 X.
291 2296 355 2361 Sed
377 2306 499 2360 etcum
520 2316 611 2361 omne
632 2294 796 2383 imperium
817 2296 908 2362 victis
926 2296 1067 2384 eripitur,
1091 2296 1226 2383 relinqui

122 2503 252 2547 notassem,
269 2489 346 2549 reperi
358 2490 422 2535 sorta
432 2489 497 2548 apud
510 2488 649 2545 Srosncss,
698 2491 725 2551 (ιι
739 2492 870 2539 Claudiaa.
881 2493 1034 2539 Mamertino.
1044 2492 1126 2550 c.10.)

122 2562 470 2623 Sem.11n.pag.aaainis.
489 2564 530 2608 ubi
545 2564 649 2609 refertur
743 2575 761 2599 ¹¹¹
781 2569 813 2615 Ut
831 2569 881 2627 ipse
896 2570 1023 2628 imperaret
1042 2569 1107 2624 aliie,
1129 2571 1227 2628 pareret

120 2637 417 2700 egregiaorssiohtusouii
428 2636 649 2697 adchcmquem·
697 2641 847 2702 Alerandro]
865 2643 936 2688 Tales
951 2649 976 2688 et
991 2643 1046 2688 olim
1062 2643 1087 2686 in
1103 2643 1174 2687 Italia
1188 2655 1227 2687 re·

121 2715 176 2760 dam
193 2714 275 2774 Syria.
304 2712 339 2758 Et
359 2713 467 2770 quamvis
487 2725 566 2771 neque
587 2712 648 2771 heic,
698 2730 741 2776 ges
756 2717 801 2762 snb
818 2717 918 2762 aliorum
936 2730 1020 2774 regum
1034 2717 1153 2775 imperiis:
1170 2717 1226 2761 Ser-

93 2811 97 2823 ·
120 2803 165 2836 nec
173 2789 239 2845 alibi,
248 2788 272 2833 in
282 2786 329 2832 illis
341 2785 509 2840 Collectaneis,
520 2787 585 2846 quod
595 2788 649 2846 qui·
698 2792 751 2837 rins
761 2792 793 2837 ad
804 2805 831 2837 x.
839 2792 937 2837 AEneid.
949 2794 1018 2849 (cers.
1026 2792 1088 2847 655.)
1113 2792 1152 2837 Sic
1162 2791 1226 2850 apud

121 2863 174 2908 dem
192 2859 649 2918 sciam‚dictah1usonii‚tamquame
700 2867 842 2926 AEschylum
862 2867 947 2913 Persis
967 2869 1037 2926 (pag.
1052 2866 1102 2913 126.
1120 2865 1169 2911 Ed.
1190 2865 1225 2912 H.

122 2936 305 2984 Commentariis
314 2936 436 2991 Pollionis,
446 2935 588 2993 laudentur;
597 2950 648 2983 me·
700 2941 806 3001 Stqrh.):

120 3013 168 3059 rito
184 3017 264 3058 tamen
281 3011 338 3057 inde
353 3010 432 3070 petita
447 3009 544 3069 conjicit
560 3015 648 3060 noster.
750 3017 850 3061 Βασιλεῖς
864 3018 970 3067 βασιλέως
981 3016 1057 3069 ὕποχοι
1069 3016 1171 3071 μεγάλου·

120 3087 148 3134 J.
159 3087 192 3135 Β.
745 3083 809 3132 Reges
820 3085 872 3132 regis
883 3084 951 3132 magni
962 3084 1045 3123 suhioea

165 3159 171 3194 ¹
194 3160 266 3208 Latio
282 3174 336 3221 qua
352 3160 424 3206 seruit
441 3174 552 3220 purpura
564 3161 647 3224 ferro]
699 3163 739 3211 Sic
755 3169 780 3211 ot
796 3166 861 3226 apud
878 3164 976 3222 Turcas,
997 3168 1060 3211 teste
1080 3161 1225 3211 Leunclario

120 3237 184 3284 Vide
200 3236 373 3297 Panegyricum
392 3236 538 3282 Maximiano
558 3237 648 3285 dictum
696 3239 759 3286 libro
770 3253 849 3288 xviri.

121 3513 184 3568 that
205 3532 283 3570 some
304 3517 448 3590 authority
465 3536 530 3590 may
553 3521 589 3575 be
607 3521 661 3575 left
682 3527 713 3574 ιο
733 3521 872 3585 themor
891 3519 1075 3588 thoirkings.
1113 3518 1227 3572 Tacitus

120 3600 223 3668 speaks
241 3601 275 3653 of
290 3602 312 3653 it
334 3618 364 3655 as
383 3602 432 3656 the
454 3611 563 3657 custom
584 3604 617 3658 of
634 3605 684 3659 the
702 3606 827 3659 Romans
847 3614 872 3658 to
895 3606 960 3657 have
975 3604 1053 3673 linos
1074 3620 1106 3657 aa
1126 3604 1167 3656 the
1182 3604 1225 3655 in·

120 3691 266 3736 strumenta
280 3687 316 3753 os
328 3687 396 3739 their
409 3687 485 3739 rulo.-
508 3688 564 3740 and
579 3689 648 3743 calls
663 3690 819 3743 Antiochus
831 3690 872 3743 the
882 3691 976 3743 riohat
990 3690 1026 3758 os
1031 3689 1127 3760 subject
1138 3688 1223 3758 tinas.

122 3766 161 3819 So
174 3766 320 3822 Musonius
336 3765 376 3837 [in
389 3769 525 3837 Stobaeus,
538 3789 585 3828 see
596 3774 625 3827 J.
637 3773 694 3829 B.'s
706 3774 793 3841 notet
807 3776 918 3840 Strabo,
932 3776 1037 3829 Lucan.
1074 3776 1112 3830 So
1124 3790 1227 3845 among

121 3849 171 3905 the
183 3851 266 3914 Jews,
282 3853 332 3908 the
345 3862 455 3928 sceptro
469 3860 613 3914 remained
629 3861 658 3914 in
673 3860 722 3916 the
736 3861 913 3927 Sanhedrim,
922 3878 992 3916 even
1007 3861 1082 3915 after
1095 3859 1144 3916 the
1160 3877 1226 3915 con·

119 3936 248 3990 fiscstion
266 3938 300 3991 oi
316 3939 475 3999 Archelaus.
513 3945 553 4000 So
574 3946 715 4017 Euagorae
735 3948 768 4002 of
783 3949 891 4019 Cyprus
906 3965 961 4002 was
981 3947 1086 4016 willing
1107 3953 1139 4001 to
1153 3946 1227 4015 obey

119 4021 170 4076 the
187 4021 304 4077 Persian
323 4025 400 4096 king,
417 4044 448 4081 as
466 4044 520 4083 one
537 4030 606 4101 king
623 4031 751 4086 another.
796 4033 862 4087 And
879 4034 954 4087 after
967 4033 1071 4086 Darius
1085 4047 1141 4083 was
1159 4046 1225 4084 con·

120 4108 234 4178 quered,
252 4109 299 4163 sor
317 4126 395 4165 some
413 4112 483 4167 time
502 4114 660 4170 Alexander
679 4116 785 4170 offered
804 4117 864 4170 him
886 4117 935 4170 tho
954 4117 1097 4170 condition
1112 4113 1175 4168 that
1188 4111 1226 4166 he

119 4192 222 4247 should
241 4210 347 4265 gosem
368 4195 463 4251 others
483 4198 540 4252 and
560 4197 633 4269 obcy
652 4200 819 4254 Alexander.
858 4201 910 4254 We
933 4200 1004 4253 haro
1026 4199 1132 4269 spoken
1153 4197 1225 4252 else·

118 4277 214 4333 where
229 4280 262 4334 of
274 4280 366 4335 mixed
379 4282 494 4352 ampire.
525 4283 560 4336 In
574 4299 652 4338 some
670 4300 755 4348 cases,
767 4301 785 4338 s
798 4290 863 4356 part
878 4285 911 4338 of
922 4284 971 4339 the
986 4283 1120 4353 kingdom
1134 4282 1157 4337 is
1172 4281 1225 4337 left

120 4369 151 4418 to
166 4362 218 4419 the
233 4366 415 4437 renquished
427 4384 458 4422 as
469 4385 487 4422 a
498 4374 563 4441 part
578 4370 611 4425 ol
619 4368 669 4426 the
680 4369 761 4424 lande
775 4376 806 4425 to
820 4370 870 4425 the
884 4370 932 4425 old
946 4384 1109 4441 possessore.

171 4449 210 4505 X.
248 4451 328 4508 Eren
346 4453 427 4510 when
446 4455 486 4510 sll
501 4454 647 4530 authority
660 4455 684 4512 is
697 4456 784 4513 taken
803 4455 877 4512 from
895 4455 944 4513 the
960 4453 1141 4526 sanquished
1156 4451 1225 4527 thoy
