2986 5048
273 255 337 320 163
653 257 707 312 nn
728 253 993 313 rosrnunnm.
1234 250 1310 321 [nm.
1322 251 1377 305 111.

272 425 387 490 ficato:
414 419 588 507 sequendus
605 417 755 496 Scaerola,
773 416 827 504 qni
844 417 986 503 junctum
1010 412 1143 480 docebat
1159 435 1228 480 esse
1245 415 1378 481 verbum

272 526 412 606 a¹post
429 519 513 604 quod
530 517 664 583 reditum
681 525 779 592 notat,
798 524 831 581 et
848 517 968 581 limiae.
1019 512 1106 578 Nam
1124 515 1223 579 limen
1240 521 1274 578 et
1287 515 1378 580 limes

273 621 361 686 exitu
377 626 411 684 et
429 615 569 682 flexionis
591 614 683 680 modo
705 614 864 689 differunt,
877 634 946 678 cnm
963 610 1078 697 alioqui
1094 610 1216 700 origiue
1233 611 1378 695 (veniunt

274 718 355 784 enim
380 710 447 782 '’ab
467 713 596 800 antiqua
612 734 688 778 roee
706 715 792 791 limo,
810 733 882 798 quoe
907 723 1127 777 transversam
1150 708 1319 798 significat)
1345 719 1378 777 et

273 814 432 904 primitiva
456 812 581 879 notione
605 811 687 876 idem
708 809 781 886 sint,
806 810 887 876 sicut
908 807 1040 874 materia
1056 816 1089 875 et
1104 809 1260 906 materies,
1278 830 1377 895 purus

272 924 308 981 et
329 934 421 1002 pere,
443 906 665 999 ccontagiosi
691 916 848 996 conteges,
872 906 1007 973 cucumis
1032 914 1066 973 et
1094 928 1251 983 cucumer,
1279 928 1377 992 quan·

274 1033 368 1099 quam
383 1032 442 1076 usu
457 1007 576 1074 seriore
592 1008 709 1074 sactum
725 1014 774 1073 est
789 1014 826 1072 ut
843 1007 941 1071 limen
956 1004 1057 1093 magis
1073 1003 1115 1070 sd
1132 1004 1266 1092 privata,
1286 1007 1377 1072 limes

273 1111 316 1176 ad
332 1108 457 1197 publica
471 1107 654 1172 referretur.
691 1104 743 1171 Sic
758 1113 882 1171 veteres
898 1102 1057 1169 eliminare
1073 1102 1218 1170 dicebant
1234 1103 1377 1170 efinibus

273 1207 396 1296 ejicere,
414 1216 448 1273 et
463 1204 587 1271 exilium
605 1197 832 1269 “nominabant
847 1201 1023 1268 eliminium.

348 1307 391 1372 ΙΙ.
426 1308 445 1371 1
477 1305 536 1370 Est
552 1325 629 1392 ergo
645 1299 891 1389 postliminium
877 1323 930 1388 Jus
946 1299 1031 1387 quod
1046 1297 1211 1367 nascitur
1220 1321 1261 1366 ex
1272 1299 1377 1366 reditu

109 1414 207 1508 bgll
220 1415 246 1454 ὓ·
274 1404 307 1471 in
323 1404 427 1482 limen,
445 1403 479 1469 id
494 1410 552 1480 est,
569 1402 646 1467 fines
659 1399 806 1488 publicos.
843 1399 895 1465 Sic
911 1397 1101 1485 Pomponius
1116 1420 1276 1466 reversum
1293 1408 1377 1485 post-

109 1462 176 1559 ῗιι
187 1517 261 1568 tw
274 1503 392 1570 liminio
405 1501 451 1568 ait
467 1500 521 1587 qui
537 1500 623 1567 intra
637 1497 785 1587 praesidia
806 1506 914 1563 nostra
936 1518 1004 1564 esse
1024 1496 1141 1583 eoepit.
1166 1497 1282 1564 Paulus
1307 1519 1377 1562 cum

274 1602 307 1669 in
324 1602 401 1667 fines
417 1609 540 1666 nostros
555 1596 731 1665 intraverit
784 1596 847 1663 Sed
865 1618 905 1661 ex
920 1595 1056 1682 paritate
1069 1596 1197 1662 rationis
1211 1616 1378 1662 consensus

274 1700 415 1791 gentium
432 1720 549 1765 remeo
566 1694 724 1786 perduxit,
735 1702 770 1762 ut
783 1694 1001 1782 postliminium
1015 1695 1115 1760 locum
1125 1695 1268 1773 haberet,
1282 1694 1377 1761 etiam

274 1799 302 1865 si
327 1798 396 1885 quis
417 1798 520 1875 homo,
544 1806 599 1863 aut
621 1817 672 1861 res
695 1793 763 1882 ejus
787 1793 911 1882 generis
932 1791 965 1857 in
990 1814 1051 1879 qno
1068 1792 1289 1880 postliminium
1312 1815 1379 1858 esse

274 1896 446 1985 placuerat,
479 1894 672 1985 pervenisset
698 1893 741 1959 ed
768 1891 882 1958 amicos
910 1901 1041 1971 nostros,
1067 1901 1102 1958 ut
1128 1891 1266 1979 loquitur
1294 1891 1379 1958 dicto

320 2076 332 2102 ⁸
350 2068 418 2124 Post,
437 2064 503 2126 quod
516 2064 618 2112 reditun
636 2062 713 2123 notet]
734 2063 805 2111 Unde
852 2062 932 2111 versic
957 2078 1013 2110 nam
1031 2067 1169 2111 ινοιιιυονια
1187 2064 1267 2110 mia
1285 2065 1383 2124 αιιιίᾳιιὶ

277 2143 408 2189 Postuerta
422 2140 487 2187 Dea.
516 2138 582 2198 [qun
602 2142 704 2198 prmerat
723 2137 805 2198 partui
852 2137 1035 2196 ιιοιαᾶιοιιωιι,
1049 2152 1066 2184 a
1075 2153 1121 2198 quse
1131 2144 1153 2185 et
1162 2139 1247 2186 listina
1255 2139 1381 2192 ostiorum

275 2217 410 2263 mulierum.
451 2213 513 2262 Vide
533 2214 601 2260 Auo.
623 2213 706 2259 Genu.
731 2212 803 2259 Nece.
848 2225 896 2271 prr
909 2226 960 2271 qua
967 2212 1037 2272 seris
1050 2218 1072 2259 et
1086 2213 1230 2260 intacitum
1250 2217 1273 2258 et
1287 2213 1382 2269 liniter,

275 2289 347 2335 Attio.
358 2288 413 2334 Lib.
422 2299 479 2333 ιιι.
489 2300 542 2346 esp.
550 2288 589 2333 17.
617 2284 647 2331 J.
657 2284 702 2344 B.]
852 2284 917 2344 quod
927 2299 974 2344 per
987 2285 1108 2345 cesseras
1120 2286 1229 2346 innqros
1241 2291 1319 2333 saur.
1349 2287 1381 2333 ln

320 2360 332 2394 b
346 2362 383 2408 At
393 2361 494 2421 οπιίφιο
508 2373 563 2406 roes
574 2357 644 2419 limo]
661 2359 759 2406 Servius
773 2360 804 2406 sd
853 2359 977 2406 Glossuio
988 2360 1054 2407 lim
1062 2360 1166 2420 πλαγία
1176 2360 1240 2408 ὁδός.

274 2450 326 2484 ιιι.
335 2434 460 2491 Εποίᾰοι,
473 2438 499 2481 et
508 2433 620 2480 Donatus
632 2434 664 2480 sd
677 2433 737 2479 illud
751 2433 804 2479 Eu·
895 2433 1040 2496 ecmaqto
1049 2440 1072 2481 et
1080 2435 1200 2496 conteges]
1217 2435 1350 2498 Compages
1359 2443 1384 2485 et

274 2509 346 2558 sachi
358 2506 675 2568 (111.6.68.)limisoeulis.
704 2507 803 2555 Festus:
852 2522 973 2569 ceumaco,
988 2511 1054 2569 qnod
1063 2509 1142 2570 ipsum
1156 2510 1213 2557 olim
1227 2511 1382 2572 initecsspa-

274 2585 366 2637 Limus,
374 2582 490 2643 obliquus,
498 2581 526 2627 id
531 2586 572 2638 ert,
582 2585 736 2637 umens,
743 2581 803 2628 unde
851 2596 904 2642 qen,
919 2587 947 2629 nt
956 2583 1028 2629 docet
1037 2583 1164 2644 genitivus,
1180 2590 1206 2632 st
1215 2588 1314 2633 verbum
1324 2589 1383 2635 inde

275 2664 298 2705 et
311 2658 402 2704 limina.
432 2656 541 2703 Isidorus
558 2656 620 2702 libro
637 2668 681 2703 xv.
699 2670 751 2716 esp.
763 2658 800 2702 14.
850 2659 990 2719 deductum,
1012 2658 1230 2721 doctoremque
1251 2661 1300 2709 tois
1322 2677 1382 2709 san·

275 2733 361 2780 limites
378 2731 496 2793 appellati
516 2729 615 2791 mitique
634 2730 703 2777 verbo
722 2735 801 2778 sram-
850 2744 919 2793 quen.

275 2948 325 3021 ing
336 2948 370 3004 oi
380 2948 430 3005 the
441 2945 556 3013 former,
567 2947 686 3004 without
697 2946 891 3019 signification.
915 2946 968 3002 We
979 2953 1055 3002 must
1067 2945 1161 3003 follow
1173 2949 1307 3015 Semela,
1317 2951 1381 3007 who

275 3033 378 3104 taught
391 3033 455 3087 thot
469 3032 518 3086 the
532 3033 608 3087 word
620 3049 675 3087 was
687 3032 883 3104 eomponnded
897 3032 931 3087 of
937 3042 1008 3103 post,
1021 3032 1158 3105 implying
1171 3051 1190 3088 a
1203 3042 1312 3099 return,
1323 3037 1382 3090 and

277 3118 365 3171 limen.
411 3116 469 3169 For
486 3116 575 3180 limen,
595 3133 615 3169 α
632 3116 771 3180 thmleld,
789 3117 846 3170 end
864 3117 946 3182 limes,
960 3136 979 3171 o
993 3118 1142 3189 houedesy,
1156 3118 1238 3173 differ
1256 3120 1286 3173 in
1306 3120 1383 3177 their

276 3200 381 3270 ending
395 3199 452 3252 and
466 3198 634 3265 declension,
648 3199 700 3255 but
719 3201 866 3257 otherwise
880 3219 929 3256 are
948 3201 998 3257 the
1012 3219 1089 3258 same
1103 3204 1132 3256 in
1148 3203 1223 3258 their
1236 3206 1381 3275 primitive

275 3284 375 3339 notion
389 3283 444 3337 and
459 3283 565 3354 origin3
582 3284 627 3339 ior
640 3284 709 3357 they
723 3302 804 3340 come
817 3286 892 3340 from
906 3286 956 3343 the
970 3288 1019 3342 old
1032 3287 1109 3343 word
1126 3289 1199 3353 ιιιιιο,
1216 3288 1309 3345 which
1323 3292 1381 3361 sig·

276 3368 358 3424 uides
373 3377 563 3434 transuersum,
573 3387 681 3425 across:
699 3370 757 3426 like
768 3371 886 3426 moterio
896 3371 953 3426 and
965 3373 1106 3434 molesia,-
1120 3391 1210 3444 poutss
1220 3375 1277 3428 end
1286 3393 1360 3446 peoo
1367 3392 1381 3437 ι

275 3456 398 3526 ccotapie
427 3454 485 3510 and
513 3464 635 3526 eontaqcs
643 3475 655 3517 ,-
681 3457 799 3511 mutonis
827 3456 884 3510 end
910 3474 1051 3520 cacumen
1083 3457 1220 3530 although
1248 3459 1279 3513 in
1305 3459 1381 3516 later

275 3557 370 3613 mage,
387 3541 411 3596 it
424 3557 503 3596 cume
521 3546 552 3596 to
573 3557 638 3612 pass
659 3541 722 3597 that
742 3543 831 3607 limen,
847 3560 867 3595 a
884 3544 1024 3607 thrcrhold,
1039 3559 1094 3597 was
1112 3543 1239 3598 referred
1254 3560 1334 3600 more
1348 3552 1381 3600 ιο

274 3627 384 3698 private
401 3625 504 3698 things,
522 3626 604 3692 ιιοιοι,
624 3644 644 3682 o
666 3629 815 3698 heundesy,
833 3633 864 3681 ιο
882 3627 987 3698 public.
1031 3628 1071 3682 So
1092 3627 1142 3683 the
1162 3628 1288 3684 encients
1308 3630 1381 3685 used

274 3711 422 3774 dimicare,
435 3711 568 3781 meaning
582 3717 612 3765 to
627 3712 708 3783 expel
729 3711 805 3766 from
824 3711 874 3767 the
893 3712 1002 3767 hounds
1023 3712 1056 3767 οι
1071 3711 1121 3768 the
1138 3718 1220 3779 stae,
1235 3714 1293 3768 and
1307 3715 1381 3770 exile

273 3793 343 3864 they
357 3793 448 3848 called
461 3794 618 3849 οιὶοιίοιιιιιι.

329 3878 369 3931 ΙΙ.
404 3884 419 3930 1
446 3878 658 3942 Postliminium,
671 3878 749 3943 then,
760 3879 784 3934 is
798 3879 848 3935 the
859 3881 936 3952 right
947 3881 1037 3937 which
1048 3883 1134 3938 srises
1146 3881 1220 3938 freni
1232 3883 1382 3955 returning

274 3961 306 4018 in
320 3962 408 4025 limen,
420 3962 483 4017 that
496 3962 521 4016 is
536 3960 632 4016 within
646 3963 696 4018 the
710 3962 879 4020 bonndaries
894 3967 927 4020 οι
939 3967 988 4023 the
1002 3972 1084 4022 state.
1115 3967 1193 4023 'l'hua
1205 3969 1380 4039 Pomponius

274 4064 346 4120 says,
365 4049 396 4103 le
409 4047 432 4103 is
446 4046 580 4102 returned
594 4047 633 4120 by
650 4047 853 4120 postliminium
868 4050 929 4106 who
945 4051 996 4106 has
1010 4051 1104 4123 begun
1117 4059 1149 4107 to
1163 4052 1200 4108 bo
1215 4053 1313 4108 within
1328 4069 1382 4108 our

271 4134 422 4206 presidia:
440 4133 554 4198 Paulus,
566 4131 646 4188 when
657 4132 694 4188 he
706 4133 757 4189 hm
771 4135 888 4192 entered
900 4153 953 4191 our
962 4136 1140 4193 beundcries.
1168 4139 1226 4192 But
1236 4136 1276 4208 by
1286 4139 1381 4210 parity

276 4220 310 4274 of
328 4237 436 4284 reason,
452 4219 502 4274 the
517 4226 634 4275 consent
651 4218 685 4274 of
699 4221 811 4275 natione
828 4221 875 4276 led
893 4227 923 4277 te
942 4221 991 4277 the
1012 4221 1075 4276 rnle
1094 4221 1157 4276 thot
1174 4223 1380 4292 postliminium

274 4303 376 4359 should
387 4305 465 4370 hold,
479 4305 567 4376 irony
578 4322 646 4360 man
658 4321 691 4360 or
701 4322 757 4378 any
768 4306 850 4376 thing
863 4313 894 4361 to
908 4305 1000 4361 which
1010 4306 1074 4361 civil
1088 4306 1164 4362 rules
1178 4306 1274 4379 cpply‚
1285 4324 1380 4362 comes

275 4392 307 4442 te
321 4403 374 4444 our
386 4389 493 4445 friends
512 4405 545 4445 or
562 4390 650 4457 sllies,
665 4405 696 4445 aa
713 4389 763 4447 the
779 4406 858 4445 seme
876 4396 933 4446 two
948 4391 1046 4461 iurists
1060 4390 1119 4446 also
1132 4407 1192 4463 say.
1229 4391 1294 4447 And
1309 4391 1380 4448 here
