2986 5048
95 307 164 362 (lar.
179 298 273 372 XIV]
315 299 669 357 TEMPERAMENTUM
691 299 805 355 claci
828 299 982 356 CAPTOS.
1134 292 1198 359 263

94 477 131 536 ut
147 468 173 534 si
189 467 264 555 quid
283 489 402 543 servus,
427 463 685 551 quemadmodum
708 465 812 552 “apud
831 464 1014 531 Terentium
1030 472 1088 541 est,
1104 488 1194 532 suum

95 568 285 635 defraudans
305 565 430 655 genium
455 565 632 650 comparsit,
655 573 711 630 aut
733 564 873 630 succisivi
895 563 1041 650 temporis
1067 565 1198 653 diligen·

96 668 141 734 tia
157 666 310 752 quaesivit,
328 664 361 729 id
378 664 481 750 aliquo
499 664 590 729 modo
607 663 648 729 sit
667 662 772 749 ipsius.
818 665 891 729 Non
905 664 987 729 male
1004 665 1197 751 Theophilus

96 766 251 854 peculium
268 763 377 830 definit
394 759 507 831 ciclav
524 757 667 855 pueraria
684 763 844 827 rnaturale
861 763 1090 849 patrimonium,
1108 763 1196 849 quasi
1208 772 1331 857 ggglgwffi

97 863 332 932 contubernium
350 861 478 929 definias
494 862 637 927 naturale
654 861 900 938 matrimonium
922 862 977 928 sed
993 870 1025 928 et
1043 863 1197 950 Ulpianus
1209 830 1340 956 miili,

98 963 252 1050 peculium
268 962 349 1028 dixit
365 961 508 1048 pusillum
525 959 754 1046 patrimonium.
805 962 873 1026 Nec
888 962 988 1027 refert
1005 962 1088 1047 quod
1105 985 1196 1047 pecu·
1209 939 1309 1004 “W
1340 937 1345 948 ⁸

98 1062 175 1128 lium
192 1060 335 1127 dominus
350 1082 406 1126 suo
422 1059 554 1125 arbitrio
568 1058 706 1125 adimere
722 1068 827 1146 potest
842 1068 897 1126 aut
912 1060 1074 1127 minuere:
1095 1084 1197 1149 noque

99 1161 182 1228 enim
199 1161 282 1248 quod
298 1182 420 1247 aequum
438 1167 487 1224 est
501 1157 603 1234 saciet,
621 1157 648 1223 si
668 1157 735 1224 sine
751 1180 844 1225 causa
860 1159 892 1225 id
909 1159 1012 1225 faciat.
1064 1161 1198 1227 Causam

102 1281 178 1327 vero
194 1259 335 1347 intelligo
351 1280 414 1324 non
436 1279 559 1345 poenam
582 1257 684 1334 modo,
702 1258 756 1323 sed
778 1267 812 1325 et
827 1257 944 1322 domini
960 1258 1194 1326 necessitatem:

102 1380 175 1425 nam
203 1358 286 1424 servi
310 1356 428 1424 utilitas
458 1355 643 1422 utilitatibus
676 1356 792 1421 domini
822 1357 938 1432 subest,
970 1356 1071 1445 magis
1104 1358 1197 1424 etiam

100 1478 195 1542 quam
219 1477 271 1521 res
296 1456 407 1521 civium
430 1454 557 1521 civitati.
608 1455 758 1542 Apposite
783 1456 824 1522 sd
849 1455 930 1521 hanc
951 1478 1018 1521 rem
1041 1458 1198 1523 ’Senecae

99 1579 164 1622 aea
180 1557 253 1622 clleo
268 1556 356 1620 allii
368 1556 465 1620 tates
481 1576 601 1631 aeroas,
617 1557 696 1637 qaia
708 1577 772 1620 noa
789 1568 835 1623 est
852 1556 1034 1634 habituram,
1051 1559 1084 1623 si
1097 1559 1199 1623 dorni-
1210 1575 1261 1660 pr.
1271 1574 1296 1613 se
1307 1576 1356 1614 sen.

11 1660 15 1666 '
99 1677 161 1722 aue
176 1657 272 1721 illum
287 1656 405 1720 habere
420 1655 569 1720 aolrmra't.

175 1758 196 1819 3
230 1756 274 1820 Et
288 1753 360 1819 hinc
377 1752 523 1840 estquod
541 1751 682 1818 dominus
698 1773 760 1818 non
777 1751 902 1840 repetit,
922 1753 1039 1839 siquid
1055 1775 1148 1820 servo
1164 1753 1197 1818 in

99 1853 254 1921 servitute
276 1852 416 1919 debitum
436 1859 508 1940 post
528 1851 797 1917 manumissionem
817 1852 929 1918 solvit:
957 1853 1031 1938 quis
1053 1856 1102 1937 (ut
1119 1853 1202 1943 Try·
1213 1863 1348 1950 mm·

143 2038 156 2072 Ρ
178 2029 314 2077 Siculorum
331 2027 470 2088 erudelitas]
496 2029 529 2074 Et
550 2029 627 2074 isaaci
672 2027 757 2079 Ἇξομαι
774 2027 898 2081 ἅμφοτέροις
915 2027 1006 2082 ἀλόχους
1021 2029 1057 2069 καὶ
1074 2028 1160 2080 πήματ’
1178 2028 1200 2070 ὅ.

100 2105 189 2164 Angeli
203 2106 226 2149 in
242 2105 335 2151 Siculos
347 2104 463 2164 captivos,
478 2108 625 2149 memorante
727 2094 811 2135 ossea

99 2177 276 2225 nicentius.
286 2179 328 2238 qui
337 2183 364 2224 et
379 2178 505 2238 epistolam
519 2179 588 2237 ponit
598 2192 627 2223 ea
677 2160 739 2201 ⁰³⁰²
752 2161 769 2202 ⁷'
783 2160 843 2213 lypis
853 2160 910 2209 ‘'¹²²²‘’
920 2162 1040 2213 “wrm

99 2252 627 2313 derereguSieuliadImperatoremGra.
678 2234 875 2335 ΥἭΠΨ
895 2234 948 2271 2¹¹⁰¹¹
969 2235 1031 2273 w·
1050 2235 1109 2281 nno,
1130 2235 1203 2283 larse

99 2341 162 2443 ⁰³⁰²·
175 2327 399 2460 &filatim
414 2398 458 2459 est]
482 2400 626 2447 Phormione
678 2357 798 2404 liciumque
811 2357 974 2397 dommim

100 2483 157 2524 „ceu
167 2490 185 2524 1.
197 2491 228 2523 30·
238 2477 255 2523 p,
267 2476 403 2536 (vm-10.)
676 2448 755 2494 Varro
770 2449 799 2494 de
812 2448 905 2495 Servis.-
928 2450 1081 2496 studiosiores
1097 2450 1132 2496 ad
1145 2464 1204 2510 open

142 2562 152 2588 ι
168 2552 290 2599 Natural,
302 2549 485 2612 Patrimonium]
513 2549 627 2596 Eumoem
669 2524 731 2580 fieri
746 2523 870 2569 liberalius
890 2524 1022 2582 tractando,
1043 2529 1086 2570 aul
1105 2525 1205 2571 cibariis

103 2631 214 2691 θάψω
223 2630 256 2679 Ξ,
267 2631 342 2690 (Μ.
352 2630 389 2686 03,
399 2628 451 2688 gv:
677 2602 719 2642 aul
729 2598 813 2642 certitu
827 2597 939 2657 largiore,
954 2604 996 2643 aut
1006 2599 1140 2644 remissione
1149 2613 1205 2657 ope.

677 2672 720 2726 ris,
731 2670 903 2717 concessioneve
912 2677 938 2715 at
944 2673 1067 2729 peculiare
1075 2673 1171 2731 aliquid
1179 2674 1205 2718 in

101 2740 141 2781 oid
154 2756 177 2782 n
192 2737 343 2794 ᾧοῖκηῖᾶνιιὲ
355 2736 533 2787 &mustitana
668 2745 751 2805 fundo
772 2758 872 2804 pascere
896 2745 974 2791 liceat.
1006 2746 1060 2804 (De
1080 2746 1117 2790 Re
1134 2746 1204 2792 aar.

101 2807 165 2850 oasa
177 2824 199 2850 a
213 2808 321 2859 assur·
331 2805 482 2855 πολυμνήστην
496 2819 518 2845 τ·
530 2802 627 2856 γυναῖκα·
677 2820 730 2866 nio.
738 2832 756 2866 1.
767 2834 786 2864 a
796 2820 832 2864 17.
837 2819 847 2875 )

101 2892 174 2937 Qualis
184 2890 221 2929 (Μ
232 2890 313 2928 hmulh
329 2888 406 2926 nomint
421 2886 500 2935 Pf⁰fl¹⁸
510 2885 610 2931 Wlffliffl·
721 2901 730 2925 ⁸
746 2889 844 2949 Setaea]
856 2891 969 2950 Ejusdem
976 2895 1012 2936 cst
1018 2891 1118 2936 ibidem:
1128 2890 1205 2937 Ναα-

102 2953 187 2992 *⁸²⁶⁰st
197 2952 285 3000 ΝΜ
297 2951 384 2997 ”diffie
396 2959 486 2995 remque,
495 2948 626 2994 mmmm
678 2968 738 3028 quid
747 2966 842 3011 dubiam
852 2972 886 3011 est
896 2966 953 3025 quia
962 2980 1043 3010 aereus
1053 2980 1104 3012 cum
1111 2966 1205 3025 peculio

101 3049 157 3108 Ipse
165 3047 261 3108 Ulysses
271 3046 380 3106 Odyssea
390 3042 628 3091 dAEnmmoetPlri·
678 3042 767 3088 domini
787 3040 837 3087 sill
867 3042 921 3087 Dat
940 3045 1016 3086 tamea
1035 3040 1139 3087 Domino
1161 3055 1204 3086 sao

101 3123 165 3170 ictio
175 3123 234 3171 dicit
244 3122 316 3183 (vers.
328 3124 381 3176 214,
391 3120 461 3179 mm:
678 3130 768 3162 munus.

102 3392 221 3447 bitation
246 3394 279 3447 ol
290 3393 387 3456 slaves,
402 3397 432 3447 to
450 3390 486 3445 be
507 3406 525 3443 a
539 3387 652 3444 natural
669 3387 854 3455 matrimony:
874 3385 930 3438 and
947 3383 1053 3453 Ulpian
1071 3398 1133 3453 says
1155 3379 1205 3434 the

99 3479 242 3549 peculium,
256 3479 305 3534 tho
319 3477 416 3532 slave’s
432 3477 541 3547 private
555 3482 639 3537 storo,
658 3473 681 3526 is
695 3488 713 3526 s
727 3471 801 3525 little
815 3470 984 3541 patrimony.
1020 3468 1083 3520 Nor
1100 3465 1168 3520 does
1182 3466 1206 3518 ie

103 3565 184 3618 make
199 3581 255 3634 any
269 3564 431 3626 differcnoe,
444 3559 507 3615 that
521 3560 570 3614 tho
585 3564 689 3611 master
701 3572 774 3626 may,
795 3563 825 3608 at
839 3554 882 3607 his
896 3553 1034 3623 pleasurc,
1048 3551 1114 3604 take
1128 3564 1206 3620 away

103 3664 136 3703 or
148 3647 280 3702 diminish
293 3647 349 3701 this
360 3646 520 3717 peculium;
534 3644 579 3697 lor
593 3642 618 3695 is
627 3641 663 3696 ho
677 3641 714 3695 do
726 3640 782 3694 this
798 3637 915 3693 without
929 3652 1021 3700 causo,
1035 3636 1072 3690 he
1083 3635 1140 3688 vill
1154 3643 1206 3689 not

104 3733 141 3785 do
156 3731 231 3786 what
243 3732 267 3785 is
274 3733 342 3801 just.
388 3729 452 3784 and
467 3729 505 3801 by
517 3746 601 3793 casse,
617 3728 632 3781 1
645 3725 714 3781 herc
731 3724 913 3788 understand,
932 3729 984 3776 not
1003 3722 1070 3794 only
1089 3719 1204 3793 punish·

104 3821 191 3879 ment,
202 3816 255 3869 but
264 3817 323 3871 also
339 3816 388 3871 the
399 3815 471 3871 need
484 3814 517 3870 of
527 3814 576 3870 the
591 3818 696 3868 master
704 3831 712 3878 ;
729 3814 776 3868 for
790 3810 839 3865 tho
854 3810 1009 3880 advantage
1024 3808 1057 3864 of
1068 3808 1118 3866 tho
1129 3807 1206 3863 slave

104 3903 127 3957 ie
146 3901 327 3957 subordinate
344 3909 375 3957 to
393 3902 442 3957 the
459 3902 616 3971 advantage
638 3899 672 3954 of
685 3899 735 3955 the
752 3904 866 3964 master,
883 3913 955 3953 even
974 3912 1053 3952 moro
1069 3894 1139 3950 than
1157 3893 1207 3947 tho

104 3987 262 4058 advantage
282 3987 315 4042 οἰ
326 3986 376 4042 tho
391 3988 504 4042 citizens
525 3994 556 4042 to
571 3986 634 4041 that
654 3985 687 4040 ot'
698 3985 747 4040 the
763 3984 853 4040 State.
900 3983 938 4037 So
954 3983 1072 4046 Seneca,
1093 3980 1142 4034 We
1159 3994 1208 4031 ere

103 4083 150 4128 etot
173 4083 199 4127 io
219 4092 269 4144 say
283 4075 340 4127 ilat
355 4074 396 4127 ite
415 4073 486 4127 slave
498 4073 546 4126 hoe
559 4071 679 4140 aotliap.
695 4071 800 4124 heoase
811 4070 842 4122 te
854 4069 912 4122 will
926 4068 991 4121 hove
1004 4066 1115 4133 aethiae
1128 4063 1159 4135 is
1167 4062 1209 4115 ile

103 4170 203 4214 masur
217 4161 307 4229 rasicae
320 4160 360 4212 his
370 4158 537 4229 maniosa

159 4251 175 4301 3
205 4245 270 4299 And
285 4245 374 4301 hence
388 4245 412 4298 it
426 4244 458 4308 ie,
472 4241 536 4297 that
550 4239 600 4296 the
614 4244 719 4293 master
735 4242 840 4293 cannot
853 4250 968 4291 recover
981 4234 1056 4289 from
1070 4231 1119 4287 the
1133 4230 1210 4286 slave

104 4349 122 4386 a
136 4331 205 4387 debt
220 4331 311 4387 which
327 4348 380 4386 vas
396 4331 451 4385 due
463 4335 493 4384 to
508 4327 568 4382 him
583 4325 684 4396 during
698 4323 742 4403 his
756 4321 908 4386 servitude,
920 4320 976 4375 and
988 4317 1078 4374 which
1091 4317 1128 4372 he
1142 4316 1211 4388 paid

104 4419 179 4473 attor
197 4418 416 4483 manumission
433 4416 563 4482 because,
576 4429 607 4470 as
627 4411 826 4485 Tryphoninus
844 4424 916 4483 says,
930 4407 980 4465 the
998 4405 1162 4463 distinction
1179 4402 1214 4458 oi
