2986 5048
116 312 186 369 Otr.
200 307 268 383 XL]
336 313 634 369 INTERFIOIENDI
656 313 699 368 IN
721 313 846 370 BELLO
868 315 998 371 JUSTO.
1157 310 1218 371 211

115 488 217 542 morte
242 478 397 544 tremebat.
457 479 553 541 Tunc
577 479 663 542 enim
690 480 816 562 captivi
834 500 933 563 repes,
963 501 1035 544 cum
1063 501 1087 542 a
1109 484 1220 564 portis

115 598 215 662 neqece
231 578 279 641 ad
288 577 406 660 forum
423 577 701 660 triumphantium
722 598 840 643 currus
858 579 1086 654 borsestassent,
1107 581 1220 644 simut·

114 687 213 760 atque
241 678 279 741 in
310 675 513 760 Capitolium
544 696 678 739 curmsm
703 677 835 758 flectcre
859 689 999 762 caperat
1024 679 1217 762 Imperator,

114 776 245 860 abrepti
265 775 303 841 in
318 795 482 840 carcerem
497 774 703 839 necabantur
718 795 803 839 unus
817 796 882 860 pro
898 777 1003 861 seipso
1020 776 1133 842 Paulo
1155 779 1218 862 qui

113 875 275 939 sedentem
296 894 330 938 se
350 883 520 956 acceperat
538 873 731 956 deprecante
746 870 850 959 (leges
875 895 962 940 unus
984 877 1160 940 Persem
1144 898 1216 960 rpso

116 972 233 1046 Paulo,
256 970 316 1056 qui
339 971 502 1035 Mentem
524 991 558 1036 sc
579 981 757 1054 acceperat,
783 973 987 1055 deprecante)
1008 975 1106 1057 lepem
1122 974 1216 1040 illins
1229 990 1369 1079 mk,

114 1070 300 1135 seueritatis
323 1069 448 1134 euasit:
470 1069 568 1134 ceteri
583 1069 621 1133 in
633 1069 775 1135 uinculis
791 1071 878 1137 rtuce
886 1074 1021 1156 privati
1034 1072 1115 1138 aliis
1131 1075 1215 1157 repi-
1201 1084 1298 1131 -sns

115 1169 174 1233 bus
184 1168 299 1234 dedere
314 1168 546 1244 documentum,
571 1178 608 1231 ut
624 1168 758 1232 mallent
775 1171 960 1235 amicitiam
976 1172 1077 1236 colere
1094 1173 1214 1235 Roma-

113 1288 238 1344 norum,
258 1288 360 1352 quam
377 1287 573 1350 maspcrare
587 1265 771 1348 justitiam.
824 1266 938 1333 Sedet
958 1266 1055 1332 hic'
1025 1267 1115 1334 mmis
1132 1267 1213 1337 lune.

112 1363 199 1432 Dicit
214 1364 339 1452 quidem
354 1363 512 1449 Josepbus
532 1361 615 1428 idem
632 1362 673 1429 ds
688 1362 855 1431 severitate
873 1365 1085 1431 Romanorum
1102 1366 1134 1432 in
1152 1366 1214 1432 his·

113 1461 196 1529 toris
222 1460 377 1529 interiecti
402 1460 536 1528 Simonis
563 1459 725 1547 Berjorm:
761 1463 817 1529 sed
844 1463 884 1530 de
908 1462 1037 1531 ducibus
1063 1463 1211 1551 loquitur,

111 1559 213 1647 qualis
229 1560 358 1627 Pontius
371 1559 503 1637 Samnis,
521 1581 584 1624 non
600 1559 641 1625 de
653 1560 711 1637 his,
728 1560 840 1645 quibus
857 1561 977 1650 regium
991 1571 1074 1629 esset
1089 1585 1211 1631 nomen.

112 1659 291 1728 Verborum
310 1680 418 1727 sensus
434 1657 578 1726 lstine
553 1679 598 1724 stc
613 1658 727 1725 habet.
737 1662 819 1741 finis
842 1662 1003 1746 triumphi
1024 1674 1107 1739 erat,
1122 1676 1213 1748 post·
1224 1679 1337 1773 weg

112 1782 211 1842 orsam
227 1761 275 1825 ad
300 1760 499 1844 Capitolium
514 1757 610 1825 Jouic
626 1759 723 1824 mem
742 1771 815 1825 erat
830 1773 1046 1845 peremtum:
1068 1784 1148 1828 nam
1163 1764 1213 1829 ibi

111 1870 296 1945 carperem
310 1861 530 1941 Imperatores
550 1879 619 1923 moe
641 1858 798 1940 antiqem
811 1861 937 1944 patria
946 1860 1091 1943 jubebat,
1114 1864 1214 1928 donec

111 1960 268 2024 nuntiata
297 1968 377 2024 esset
397 1978 484 2022 mors
512 1956 652 2022 bostium
676 1958 780 2024 dunin
823 1960 860 2024 Ic
882 1970 953 2025 erat
980 1960 1093 2024 Simon
1121 1962 1212 2026 Joroe

103 2059 208 2141 filius,
232 2058 292 2141 qui
320 2058 409 2122 inter
433 2057 581 2141 captivos
606 2056 644 2120 in
670 2057 834 2142 triumpbo
860 2059 1061 2123 ducebatur.-
1086 2060 1118 2124 is
1143 2069 1212 2124 tum

110 2158 227 2241 injecto
248 2157 363 2241 mquco
380 2156 417 2219 in
430 2156 548 2239 forum
565 2155 721 2231 trabitur,
744 2157 991 2223 verberantibus
1006 2159 1140 2243 insuper
1161 2159 1213 2242 ip-

108 2278 182 2322 enm
195 2256 390 2323 ctutodibne.
435 2256 529 2319 Nam
550 2274 586 2319 eo
606 2255 643 2319 in
666 2254 733 2320 loco
751 2276 820 2320 mos
840 2267 887 2321 est
905 2257 1066 2322 Romanis
1087 2257 1213 2342 suppli·

109 2357 198 2421 cium
224 2375 348 2420 sumere
375 2354 416 2418 de
443 2352 613 2418 damnatis
641 2354 681 2418 ob
706 2375 809 2418 nonas
835 2354 1003 2440 capitales.
1054 2357 1125 2421 Hic
1154 2356 1213 2421 ubi

108 2455 213 2519 vitam
219 2453 350 2539 finiisse
362 2454 534 2518 nuntiatus
549 2461 727 2526 ottocento
739 2463 815 2517 sunt
821 2454 946 2537 fausta
957 2455 1078 2530 omina,
1095 2455 1212 2520 deinde

107 2554 285 2636 sacre'sicio.
334 2549 423 2616 Idem
440 2551 539 2615 ferme
555 2547 630 2614 dicit
648 2549 757 2615 Cicero
771 2550 908 2617 Verrius
923 2550 964 2617 do
980 2550 1144 2637 suppliciis.
1222 2559 1349 2610 err-mn·

183 2654 206 2717 3
239 2652 291 2715 De
316 2648 445 2716 ducibus
466 2646 581 2736 passim
606 2647 749 2733 exempla
773 2655 917 2714 emtsnt:
941 2649 981 2713 de
1005 2649 1133 2736 regibus
1154 2650 1210 2714 nli-

108 2770 180 2836 qus,
210 2757 248 2815 ut
278 2748 337 2814 'de
364 2746 553 2822 Aristonico,
587 2744 759 2834 Jugurtha,
789 2745 988 2812 Artabnsdo:
1021 2747 1078 2811 sed
1104 2755 1210 2812 tamen

106 2856 226 2945 proeter
242 2850 359 2914 Persen
374 2841 533 2934 ‘Syphum
556 2843 697 2921 Gentius,
719 2843 815 2923 Jubn,
832 2851 866 2910 et
888 2843 1046 2910 Casurum
1067 2851 1210 2933 tempore

106 3024 267 3085 sigottbornm
287 3021 425 3069 Athlullum
453 3020 584 3066 suevorum
609 3018 635 3064 in
682 3017 846 3065 Mithridatico
855 3018 881 3065 in
891 3017 946 3065 fine.
969 3016 1101 3080 [reputt.
1116 3018 1209 3068 stum

107 3099 224 3159 lli-punis
238 3111 320 3158 regem
338 3095 418 3155 cupite
434 3093 528 3154 plectit,
543 3104 634 3139 memo·
682 3092 765 3154 Stepts.
784 3093 826 3140 nbi
846 3094 877 3141 ds
893 3093 1035 3141 Aristobulo
1054 3100 1079 3141 ct
1094 3094 1208 3154 Tigre-ns,

106 3179 175 3221 rente
185 3173 311 3220 domando
317 3169 431 3219 Historia
439 3167 560 3216 Gonttca
570 3167 634 3226 (cup.
681 3181 742 3227 quos
749 3167 878 3229 Pompeius
885 3168 1037 3230 triumphans
1044 3169 1124 3231 espits
1133 3169 1208 3230 plecti

105 3248 155 3306 44.)
184 3247 302 3294 Nimirum
312 3246 364 3292 hnc
373 3244 584 3290 documentnnnt
593 3253 632 3286 re·
675 3241 769 3303 jussit]

106 3324 178 3384 gibus
187 3322 218 3368 nd
230 3321 379 3377 modestum,
394 3323 420 3366 st
432 3323 461 3364 nt
476 3316 592 3377 cogitent,
606 3328 633 3363 ιο
724 3319 733 3350 l
748 3316 860 3379 Syphax]
877 3318 980 3368 Vsrisnt
993 3318 1024 3365 de
1039 3333 1069 3366 ee
1083 3319 1206 3367 historici:

106 3410 204 3459 qnoque
213 3397 341 3455 snbjictos,
352 3395 373 3441 sl
383 3392 438 3441 Deo
448 3392 484 3440 its
492 3392 577 3447 risum,
586 3391 632 3437 hu·
680 3391 751 3439 multi
765 3394 865 3439 trudunt
876 3406 931 3439 enm
944 3406 1021 3453 prope
1033 3394 1136 3439 Romans
1149 3398 1207 3441 snts

107 3472 183 3520 menis
192 3471 290 3528 vicibus,
299 3474 331 3528 st,
339 3469 405 3530 qnod
413 3468 438 3513 iu
446 3466 518 3513 simili
525 3465 632 3527 periculo
680 3466 829 3527 triumphum
839 3466 966 3513 dscesdsse
975 3482 981 3511 t
998 3466 1112 3526 Polybius
1126 3467 1152 3511 in
1160 3466 1206 3512 tri-

106 3547 317 3595 astronomorum
328 3542 470 3589 meminent
481 3540 586 3596 Croesns,
601 3540 632 3586 de
680 3541 771 3603 nmpbo
790 3541 904 3587 ductums
930 3540 996 3601 (Lib.
1009 3553 1066 3587 xvi.
1086 3554 1140 3601 cup.
1154 3540 1206 3601 12.)

105 3624 220 3670 ielidtete
228 3620 333 3667 hominis
345 3622 403 3665 snts
412 3620 515 3663 mortem
529 3629 577 3661 non
589 3615 632 3675 jn·
679 3615 815 3675 Applnnns,
828 3614 885 3660 dnm
896 3613 926 3660 de
935 3627 965 3660 ee
974 3613 1127 3672 deliberatur,
1140 3628 1206 3661 mor·

105 3698 241 3745 dicundum.
679 3690 711 3736 bo
721 3689 815 3738 obiisse.
845 3688 918 3750 (Peg.
930 3689 968 3737 lb.
982 3688 1032 3738 Ed.
1042 3688 1077 3737 Η.
1089 3688 1184 3753 Stcpi.)

148 3781 159 3805 ⁰
175 3772 213 3817 De
230 3764 382 3827 Aristonico]
406 3766 469 3815 Vide
488 3764 631 3826 Appiurnm

103 4015 236 4076 stuntins.
273 4012 331 4069 But
344 4012 402 4068 this
415 4012 498 4084 sgnin
511 4012 536 4069 is
552 4018 602 4069 too
619 4012 674 4068 lu.
711 4011 852 4083 Josepbns
866 4013 944 4084 gives
961 4029 978 4068 s
998 4013 1057 4069 like
1075 4015 1205 4086 exemplo

104 4104 138 4161 ol
147 4103 197 4160 the
210 4102 323 4157 Romen
337 4099 467 4171 severity,
476 4097 613 4169 speaking
623 4096 657 4152 oi
668 4097 781 4167 putting
794 4103 825 4151 to
844 4096 930 4153 death
946 4098 1044 4152 elmon
1055 4099 1203 4168 Bm'orsss

103 4191 157 4247 but
178 4188 216 4243 he
238 4186 339 4259 speaks
363 4184 398 4239 ol
415 4182 525 4240 loedere
544 4182 602 4237 liks
624 4180 745 4236 Pontius
765 4179 814 4235 the
834 4180 970 4246 Ssmnitc,
988 4187 1040 4236 not
1059 4182 1093 4237 of
1112 4182 1202 4255 kings.

104 4276 212 4339 Cicero,
224 4274 254 4327 in
265 4272 309 4327 his
321 4269 442 4327 Verrinc
454 4267 582 4331 Orestion,
592 4282 655 4339 ssys
665 4265 715 4321 the
726 4280 812 4321 seme.

154 4366 172 4417 3
193 4359 272 4414 with
290 4355 392 4430 rsgsrd
407 4362 438 4410 to
458 4354 515 4410 this
530 4352 644 4426 putting
661 4357 692 4407 to
711 4349 798 4407 death
816 4349 935 4416 leodem,
948 4349 1030 4408 there
1042 4368 1092 4408 sre
1106 4368 1205 4428 every-

100 4445 194 4505 vlsers
205 4445 358 4519 exemplos.
394 4443 480 4500 Some
496 4439 578 4497 there
592 4454 642 4497 ere
659 4436 693 4496 ol
703 4436 794 4510 kings,
808 4454 840 4495 es
857 4437 1040 4505 Aristonicus,
1052 4439 1203 4513 tugurii„

987 4546 1101 4611 14-2
