<?xml version="1.0" encoding="UTF-8"?>
<!DOCTYPE html PUBLIC "-//W3C//DTD XHTML 1.0 Transitional//EN"
    "http://www.w3.org/TR/xhtml1/DTD/xhtml1-transitional.dtd">
<html xmlns="http://www.w3.org/1999/xhtml" xml:lang="en" lang="en">
 <head>
  <title>
</title>
<meta http-equiv="Content-Type" content="text/html;charset=utf-8" />
  <meta name='ocr-system' content='tesseract 3.04.00' />
  <meta name='ocr-capabilities' content='ocr_page ocr_carea ocr_par ocr_line ocrx_word'/>
</head>
<body>
  <div class='ocr_page' id='page_1' title='image "./hugonisgrotiide02barbgoog_0272.png"; bbox 0 0 2986 5048; ppageno 0'>
   <div class='ocr_carea' id='block_1_1' title="bbox 120 288 1225 362">
    <p class='ocr_par' dir='ltr' id='par_1_1' title="bbox 120 288 1225 362">
     <span class='ocr_line' id='line_1_1' title="bbox 120 288 1225 362; baseline -0.002 -10"><span class='ocrx_word' id='word_1_1' title='bbox 120 296 190 352; x_wconf 73' lang='lat' dir='ltr'><strong>Otr.</strong></span> <span class='ocrx_word' id='word_1_2' title='bbox 203 291 298 362; x_wconf 73' lang='grc' dir='ltr'><strong>ΚΝ]</strong></span> <span class='ocrx_word' id='word_1_3' title='bbox 341 293 695 350; x_wconf 79' lang='lat' dir='ltr'><strong>TEMPERAMENTUM</strong></span> <span class='ocrx_word' id='word_1_4' title='bbox 717 293 831 350; x_wconf 73' lang='lat' dir='ltr'><strong>cutes</strong></span> <span class='ocrx_word' id='word_1_5' title='bbox 854 293 1009 350; x_wconf 77' lang='lat' dir='ltr'><strong>CAPTOS.</strong></span> <span class='ocrx_word' id='word_1_6' title='bbox 1160 288 1225 351; x_wconf 78' lang='lat'><strong>255</strong></span> 
     </span>
    </p>
   </div>
   <div class='ocr_carea' id='block_1_2' title="bbox 115 457 1227 2526">
    <p class='ocr_par' dir='ltr' id='par_1_2' title="bbox 119 457 1227 1439">
     <span class='ocr_line' id='line_1_2' title="bbox 194 457 1226 546; baseline 0.001 -21"><span class='ocrx_word' id='word_1_7' title='bbox 194 463 216 525; x_wconf 80' lang='lat'><strong><em>2</em></strong></span> <span class='ocrx_word' id='word_1_8' title='bbox 248 458 321 526; x_wconf 87' lang='lat' dir='ltr'><strong>Erit</strong></span> <span class='ocrx_word' id='word_1_9' title='bbox 336 468 441 525; x_wconf 87' lang='lat' dir='ltr'><strong>autem</strong></span> <span class='ocrx_word' id='word_1_10' title='bbox 456 458 609 545; x_wconf 67' lang='lat' dir='ltr'><strong>{equitetis</strong></span> <span class='ocrx_word' id='word_1_11' title='bbox 626 467 660 524; x_wconf 90' lang='lat' dir='ltr'><strong>et</strong></span> <span class='ocrx_word' id='word_1_12' title='bbox 675 459 822 526; x_wconf 88' lang='lat' dir='ltr'><strong>bonitatis</strong></span> <span class='ocrx_word' id='word_1_13' title='bbox 839 458 969 525; x_wconf 88' lang='lat' dir='ltr'><strong>officium</strong></span> <span class='ocrx_word' id='word_1_14' title='bbox 986 457 1037 523; x_wconf 90' lang='lat' dir='ltr'><strong>hie</strong></span> <span class='ocrx_word' id='word_1_15' title='bbox 1052 477 1175 546; x_wconf 90' lang='lat' dir='ltr'><strong>quoque</strong></span> <span class='ocrx_word' id='word_1_16' title='bbox 1187 481 1226 526; x_wconf 85' lang='lat' dir='ltr'><strong>ea</strong></span> 
     </span>
     <span class='ocr_line' id='line_1_3' title="bbox 119 557 1225 647; baseline -0.003 -20"><span class='ocrx_word' id='word_1_17' title='bbox 119 559 270 627; x_wconf 83' lang='lat' dir='ltr'><strong>adhibere</strong></span> <span class='ocrx_word' id='word_1_18' title='bbox 287 558 474 636; x_wconf 84' lang='lat' dir='ltr'><strong>discrimine,</strong></span> <span class='ocrx_word' id='word_1_19' title='bbox 492 580 572 645; x_wconf 83' lang='lat' dir='ltr'><strong>quse,</strong></span> <span class='ocrx_word' id='word_1_20' title='bbox 590 579 660 623; x_wconf 90' lang='lat' dir='ltr'><strong>cum</strong></span> <span class='ocrx_word' id='word_1_21' title='bbox 682 557 723 624; x_wconf 92' lang='lat' dir='ltr'><strong>de</strong></span> <span class='ocrx_word' id='word_1_22' title='bbox 748 557 967 624; x_wconf 88' lang='lat' dir='ltr'><strong>interficiendis</strong></span> <span class='ocrx_word' id='word_1_23' title='bbox 988 557 1128 624; x_wconf 76' lang='lat' dir='ltr'>hostibus</span> <span class='ocrx_word' id='word_1_24' title='bbox 1151 579 1225 647; x_wconf 86' lang='lat' dir='ltr'><strong>age-</strong></span> 
     </span>
     <span class='ocr_line' id='line_1_4' title="bbox 119 655 1225 747; baseline -0.001 -23"><span class='ocrx_word' id='word_1_25' title='bbox 119 667 219 737; x_wconf 86' lang='lat' dir='ltr'><strong>retur,</strong></span> <span class='ocrx_word' id='word_1_26' title='bbox 235 679 331 744; x_wconf 84' lang='lat' dir='ltr'><strong>supra</strong></span> <span class='ocrx_word' id='word_1_27' title='bbox 347 666 497 724; x_wconf 87' lang='lat' dir='ltr'><strong>annotata</strong></span> <span class='ocrx_word' id='word_1_28' title='bbox 513 664 594 722; x_wconf 93' lang='lat' dir='ltr'><strong>sunt.</strong></span> <span class='ocrx_word' id='word_1_29' title='bbox 646 657 874 724; x_wconf 78' lang='lat' dir='ltr'><strong>Demosthenes</strong></span> <span class='ocrx_word' id='word_1_30' title='bbox 888 657 921 723; x_wconf 91' lang='lat' dir='ltr'><strong>in</strong></span> <span class='ocrx_word' id='word_1_31' title='bbox 938 655 1069 744; x_wconf 89' lang='lat' dir='ltr'><strong>epistola</strong></span> <span class='ocrx_word' id='word_1_32' title='bbox 1084 678 1142 745; x_wconf 88' lang='lat' dir='ltr'><strong>pro</strong></span> <span class='ocrx_word' id='word_1_33' title='bbox 1159 658 1225 747; x_wconf 82' lang='lat' dir='ltr'><strong>Ly-</strong></span> 
     </span>
     <span class='ocr_line' id='line_1_5' title="bbox 120 742 1224 847; baseline -0.002 -22"><span class='ocrx_word' id='word_1_34' title='bbox 120 758 210 847; x_wconf 87' lang='lat' dir='ltr'><strong>curgi</strong></span> <span class='ocrx_word' id='word_1_35' title='bbox 226 756 333 822; x_wconf 89' lang='lat' dir='ltr'><strong>liberis</strong></span> <span class='ocrx_word' id='word_1_36' title='bbox 351 756 460 823; x_wconf 90' lang='lat' dir='ltr'><strong>laudat</strong></span> <span class='ocrx_word' id='word_1_37' title='bbox 478 756 658 842; x_wconf 90' lang='lat' dir='ltr'><strong>Philippum</strong></span> <span class='ocrx_word' id='word_1_38' title='bbox 679 742 892 833; x_wconf 82' lang='lat' dir='ltr'><strong>Macedonem,</strong></span> <span class='ocrx_word' id='word_1_39' title='bbox 909 756 1014 843; x_wconf 78' lang='lat' dir='ltr'><strong>⁸quod</strong></span> <span class='ocrx_word' id='word_1_40' title='bbox 1029 777 1092 822; x_wconf 91' lang='lat' dir='ltr'><strong>non</strong></span> <span class='ocrx_word' id='word_1_41' title='bbox 1108 778 1224 835; x_wconf 89' lang='lat' dir='ltr'><strong>omnes,</strong></span> 
     </span>
     <span class='ocr_line' id='line_1_6' title="bbox 120 846 1226 947; baseline 0.001 -24"><span class='ocrx_word' id='word_1_42' title='bbox 120 858 174 944; x_wconf 90' lang='lat' dir='ltr'><strong>qui</strong></span> <span class='ocrx_word' id='word_1_43' title='bbox 190 858 272 922; x_wconf 85' lang='lat' dir='ltr'><strong>inter</strong></span> <span class='ocrx_word' id='word_1_44' title='bbox 288 857 394 923; x_wconf 85' lang='lat' dir='ltr'><strong>hostes</strong></span> <span class='ocrx_word' id='word_1_45' title='bbox 410 855 544 932; x_wconf 80' lang='lat' dir='ltr'><strong>suerent,</strong></span> <span class='ocrx_word' id='word_1_46' title='bbox 562 876 670 921; x_wconf 83' lang='lat' dir='ltr'><strong>servos</strong></span> <span class='ocrx_word' id='word_1_47' title='bbox 686 854 828 921; x_wconf 80' lang='lat' dir='ltr'><strong>fecisset:</strong></span> <span class='ocrx_word' id='word_1_48' title='bbox 851 854 902 924; x_wconf 78' lang='lat' dir='ltr'><strong>rai</strong></span> <span class='ocrx_word' id='word_1_49' title='bbox 928 850 1000 947; x_wconf 73' lang='grc' dir='ltr'><strong>γᾶρ</strong></span> <span class='ocrx_word' id='word_1_50' title='bbox 1025 846 1104 923; x_wconf 71' lang='grc' dir='ltr'><strong>οὔτε</strong></span> <span class='ocrx_word' id='word_1_51' title='bbox 1123 849 1226 924; x_wconf 71' lang='grc' dir='ltr'><strong>δίκαια</strong></span> 
     </span>
     <span class='ocr_line' id='line_1_7' title="bbox 121 946 1225 1048; baseline -0.001 -24"><span class='ocrx_word' id='word_1_52' title='bbox 121 958 203 1025; x_wconf 69' lang='grc' dir='ltr'><strong>εἶναι</strong></span> <span class='ocrx_word' id='word_1_53' title='bbox 229 950 312 1048; x_wconf 79' lang='lat' dir='ltr'><strong>srpdr</strong></span> <span class='ocrx_word' id='word_1_54' title='bbox 344 952 497 1024; x_wconf 73' lang='grc' dir='ltr'>ἅπαντας</span> <span class='ocrx_word' id='word_1_55' title='bbox 529 950 576 1022; x_wconf 74' lang='lat' dir='ltr'><strong>‘roi</strong></span> <span class='ocrx_word' id='word_1_56' title='bbox 607 948 708 1036; x_wconf 74' lang='lat' dir='ltr'><strong>edroi,</strong></span> <span class='ocrx_word' id='word_1_57' title='bbox 743 946 822 1022; x_wconf 67' lang='grc' dir='ltr'>οὔτε</span> <span class='ocrx_word' id='word_1_58' title='bbox 855 952 941 1023; x_wconf 74' lang='grc' dir='ltr'>καλὰ</span> <span class='ocrx_word' id='word_1_59' title='bbox 974 951 1109 1044; x_wconf 74' lang='grc' dir='ltr'><em>ἡγεῖτο,</em></span> <span class='ocrx_word' id='word_1_60' title='bbox 1131 950 1225 1023; x_wconf 61' lang='lat' dir='ltr'><strong>&lt;ibid</strong></span> 
     </span>
     <span class='ocr_line' id='line_1_8' title="bbox 122 1048 1227 1146; baseline 0 -25"><span class='ocrx_word' id='word_1_61' title='bbox 122 1051 186 1136; x_wconf 71' lang='grc' dir='ltr'><strong>τήν</strong></span> <span class='ocrx_word' id='word_1_62' title='bbox 203 1056 262 1135; x_wconf 78' lang='grc' dir='ltr'><strong>τῆς</strong></span> <span class='ocrx_word' id='word_1_63' title='bbox 277 1051 372 1143; x_wconf 73' lang='grc' dir='ltr'>ἀξίας</span> <span class='ocrx_word' id='word_1_64' title='bbox 398 1050 591 1146; x_wconf 75' lang='grc' dir='ltr'>προσθήκην</span> <span class='ocrx_word' id='word_1_65' title='bbox 615 1048 907 1146; x_wconf 72' lang='grc' dir='ltr'><strong>συλλογιζόμενος,</strong></span> <span class='ocrx_word' id='word_1_66' title='bbox 930 1053 975 1122; x_wconf 74' lang='lat' dir='ltr'><strong>‘ro&#39;</strong></span> <span class='ocrx_word' id='word_1_67' title='bbox 1001 1050 1130 1123; x_wconf 78' lang='grc' dir='ltr'><strong>τοιαῦτ’</strong></span> <span class='ocrx_word' id='word_1_68' title='bbox 1148 1049 1227 1122; x_wconf 73' lang='grc' dir='ltr'><em>ἕπε’-</em></span> 
     </span>
     <span class='ocr_line' id='line_1_9' title="bbox 121 1151 1227 1246; baseline -0.002 -25"><span class='ocrx_word' id='word_1_69' title='bbox 121 1175 244 1246; x_wconf 72' lang='lat' dir='ltr'><strong>spineo·</strong></span> <span class='ocrx_word' id='word_1_70' title='bbox 268 1176 368 1240; x_wconf 77' lang='lat' dir='ltr'><strong>oeque</strong></span> <span class='ocrx_word' id='word_1_71' title='bbox 392 1152 487 1231; x_wconf 76' lang='lat' dir='ltr'><strong>enim,</strong></span> <span class='ocrx_word' id='word_1_72' title='bbox 509 1151 619 1239; x_wconf 90' lang='lat' dir='ltr'><strong>inquit,</strong></span> <span class='ocrx_word' id='word_1_73' title='bbox 639 1154 752 1219; x_wconf 82' lang='lat' dir='ltr'><strong>eodem</strong></span> <span class='ocrx_word' id='word_1_74' title='bbox 777 1155 814 1217; x_wconf 83' lang='lat' dir='ltr'><strong>in</strong></span> <span class='ocrx_word' id='word_1_75' title='bbox 834 1175 941 1220; x_wconf 76' lang='lat' dir='ltr'><strong>omnes</strong></span> <span class='ocrx_word' id='word_1_76' title='bbox 961 1165 1021 1219; x_wconf 83' lang='lat' dir='ltr'><strong>out</strong></span> <span class='ocrx_word' id='word_1_77' title='bbox 1044 1176 1139 1239; x_wconf 82' lang='lat' dir='ltr'><strong>aequo</strong></span> <span class='ocrx_word' id='word_1_78' title='bbox 1165 1165 1227 1219; x_wconf 83' lang='lat' dir='ltr'><strong>out</strong></span> 
     </span>
     <span class='ocr_line' id='line_1_10' title="bbox 122 1253 1226 1337; baseline -0.001 -19"><span class='ocrx_word' id='word_1_79' title='bbox 122 1256 256 1321; x_wconf 61' lang='lat' dir='ltr'><strong>imitato</strong></span> <span class='ocrx_word' id='word_1_80' title='bbox 271 1255 427 1329; x_wconf 80' lang='lat' dir='ltr'><strong>censebat,</strong></span> <span class='ocrx_word' id='word_1_81' title='bbox 445 1254 502 1319; x_wconf 84' lang='lat' dir='ltr'><strong>sed</strong></span> <span class='ocrx_word' id='word_1_82' title='bbox 518 1274 585 1318; x_wconf 79' lang='lat' dir='ltr'><strong>rem</strong></span> <span class='ocrx_word' id='word_1_83' title='bbox 602 1263 761 1336; x_wconf 77' lang='lat' dir='ltr'><strong>etpotom</strong></span> <span class='ocrx_word' id='word_1_84' title='bbox 775 1274 848 1317; x_wconf 80' lang='lat' dir='ltr'><strong>cum</strong></span> <span class='ocrx_word' id='word_1_85' title='bbox 861 1254 1040 1318; x_wconf 78' lang='lat' dir='ltr'><strong>accessione</strong></span> <span class='ocrx_word' id='word_1_86' title='bbox 1055 1253 1123 1335; x_wconf 62' lang='lat' dir='ltr'><strong>egiss</strong></span> <span class='ocrx_word' id='word_1_87' title='bbox 1140 1254 1226 1337; x_wconf 78' lang='lat' dir='ltr'><strong>qood</strong></span> 
     </span>
     <span class='ocr_line' id='line_1_11' title="bbox 122 1351 1157 1439; baseline -0.002 -22"><span class='ocrx_word' id='word_1_88' title='bbox 122 1356 258 1439; x_wconf 76' lang='lat' dir='ltr'><strong>quisque</strong></span> <span class='ocrx_word' id='word_1_89' title='bbox 272 1355 449 1429; x_wconf 81' lang='lat' dir='ltr'><strong>meruisset,</strong></span> <span class='ocrx_word' id='word_1_90' title='bbox 466 1353 567 1417; x_wconf 82' lang='lat' dir='ltr'><strong>etiam</strong></span> <span class='ocrx_word' id='word_1_91' title='bbox 583 1352 620 1415; x_wconf 81' lang='lat' dir='ltr'><strong>io</strong></span> <span class='ocrx_word' id='word_1_92' title='bbox 637 1352 757 1415; x_wconf 80' lang='lat' dir='ltr'><strong>talibus</strong></span> <span class='ocrx_word' id='word_1_93' title='bbox 773 1352 859 1416; x_wconf 84' lang='lat' dir='ltr'><strong>velut</strong></span> <span class='ocrx_word' id='word_1_94' title='bbox 867 1351 1014 1433; x_wconf 78' lang='lat' dir='ltr'><strong>judicem</strong></span> <span class='ocrx_word' id='word_1_95' title='bbox 1030 1352 1157 1434; x_wconf 71' lang='lat' dir='ltr'><strong>agebat.</strong></span> 
     </span>
    </p>

    <p class='ocr_par' dir='ltr' id='par_1_3' title="bbox 115 1448 1227 2526">
     <span class='ocr_line' id='line_1_12' title="bbox 200 1448 1225 1537; baseline 0 -22"><span class='ocrx_word' id='word_1_96' title='bbox 200 1452 245 1518; x_wconf 90' lang='lat'><strong>11.</strong></span> <span class='ocrx_word' id='word_1_97' title='bbox 297 1454 317 1516; x_wconf 95' lang='grc'>1</span> <span class='ocrx_word' id='word_1_98' title='bbox 352 1450 416 1517; x_wconf 86' lang='lat' dir='ltr'><strong>Sed</strong></span> <span class='ocrx_word' id='word_1_99' title='bbox 441 1449 576 1537; x_wconf 86' lang='lat' dir='ltr'><strong>primum</strong></span> <span class='ocrx_word' id='word_1_100' title='bbox 605 1448 776 1515; x_wconf 87' lang='lat' dir='ltr'><strong>notandum</strong></span> <span class='ocrx_word' id='word_1_101' title='bbox 802 1448 854 1514; x_wconf 89' lang='lat' dir='ltr'><strong>hio</strong></span> <span class='ocrx_word' id='word_1_102' title='bbox 880 1456 938 1527; x_wconf 88' lang='lat' dir='ltr'><strong>est,</strong></span> <span class='ocrx_word' id='word_1_103' title='bbox 960 1448 1013 1535; x_wconf 88' lang='lat' dir='ltr'><strong>jus</strong></span> <span class='ocrx_word' id='word_1_104' title='bbox 1038 1448 1115 1514; x_wconf 94' lang='lat' dir='ltr'><strong>illud</strong></span> <span class='ocrx_word' id='word_1_105' title='bbox 1141 1448 1225 1535; x_wconf 91' lang='lat' dir='ltr'><strong>quod</strong></span> 
     </span>
     <span class='ocr_line' id='line_1_13' title="bbox 123 1547 1226 1637; baseline 0.001 -23"><span class='ocrx_word' id='word_1_106' title='bbox 123 1548 213 1634; x_wconf 89' lang='lat' dir='ltr'><strong>quasi</strong></span> <span class='ocrx_word' id='word_1_107' title='bbox 232 1570 273 1614; x_wconf 86' lang='lat' dir='ltr'><strong>ex</strong></span> <span class='ocrx_word' id='word_1_108' title='bbox 294 1548 487 1637; x_wconf 86' lang='lat' dir='ltr'><strong>fidejussione</strong></span> <span class='ocrx_word' id='word_1_109' title='bbox 512 1570 570 1635; x_wconf 86' lang='lat' dir='ltr'><strong>pro</strong></span> <span class='ocrx_word' id='word_1_110' title='bbox 593 1547 719 1614; x_wconf 79' lang='lat' dir='ltr'><strong>civitate</strong></span> <span class='ocrx_word' id='word_1_111' title='bbox 739 1547 849 1624; x_wconf 87' lang='lat' dir='ltr'><strong>oritur,</strong></span> <span class='ocrx_word' id='word_1_112' title='bbox 870 1547 1051 1634; x_wconf 75' lang='lat' dir='ltr'><strong>neutiquam</strong></span> <span class='ocrx_word' id='word_1_113' title='bbox 1071 1556 1137 1614; x_wconf 92' lang='lat' dir='ltr'><strong>tam</strong></span> <span class='ocrx_word' id='word_1_114' title='bbox 1161 1547 1226 1615; x_wconf 88' lang='lat' dir='ltr'><strong>lato</strong></span> 
     </span>
     <span class='ocr_line' id='line_1_14' title="bbox 122 1645 1227 1735; baseline 0 -23"><span class='ocrx_word' id='word_1_115' title='bbox 122 1656 240 1734; x_wconf 84' lang='lat' dir='ltr'><strong>patore,</strong></span> <span class='ocrx_word' id='word_1_116' title='bbox 267 1669 360 1735; x_wconf 88' lang='lat' dir='ltr'><strong>quam</strong></span> <span class='ocrx_word' id='word_1_117' title='bbox 380 1648 434 1735; x_wconf 92' lang='lat' dir='ltr'><strong>jus</strong></span> <span class='ocrx_word' id='word_1_118' title='bbox 458 1647 542 1734; x_wconf 93' lang='lat' dir='ltr'><strong>quod</strong></span> <span class='ocrx_word' id='word_1_119' title='bbox 564 1669 604 1713; x_wconf 85' lang='lat' dir='ltr'><strong>ex</strong></span> <span class='ocrx_word' id='word_1_120' title='bbox 629 1647 741 1712; x_wconf 90' lang='lat' dir='ltr'><strong>delicto</strong></span> <span class='ocrx_word' id='word_1_121' title='bbox 766 1645 903 1713; x_wconf 82' lang='lat' dir='ltr'><strong>nascitur</strong></span> <span class='ocrx_word' id='word_1_122' title='bbox 922 1646 956 1711; x_wconf 93' lang='lat' dir='ltr'><strong>in</strong></span> <span class='ocrx_word' id='word_1_123' title='bbox 977 1668 1029 1712; x_wconf 89' lang='lat' dir='ltr'><strong>eos</strong></span> <span class='ocrx_word' id='word_1_124' title='bbox 1050 1646 1103 1733; x_wconf 92' lang='lat' dir='ltr'><strong>qui</strong></span> <span class='ocrx_word' id='word_1_125' title='bbox 1125 1667 1227 1733; x_wconf 82' lang='lat' dir='ltr'><strong>poenae</strong></span> 
     </span>
     <span class='ocr_line' id='line_1_15' title="bbox 122 1737 1224 1833; baseline 0 -22"><span class='ocrx_word' id='word_1_126' title='bbox 122 1746 205 1812; x_wconf 81' lang='lat' dir='ltr'><strong>servi</strong></span> <span class='ocrx_word' id='word_1_127' title='bbox 229 1746 316 1814; x_wconf 88' lang='lat' dir='ltr'><strong>finnt.</strong></span> <span class='ocrx_word' id='word_1_128' title='bbox 369 1747 464 1813; x_wconf 85' lang='lat' dir='ltr'><strong>Unde</strong></span> <span class='ocrx_word' id='word_1_129' title='bbox 489 1747 663 1833; x_wconf 85' lang='lat' dir='ltr'><strong>Spartanus</strong></span> <span class='ocrx_word' id='word_1_130' title='bbox 685 1745 811 1832; x_wconf 85' lang='lat' dir='ltr'><strong>quidam</strong></span> <span class='ocrx_word' id='word_1_131' title='bbox 835 1737 1012 1831; x_wconf 80' lang='lat' dir='ltr'><strong>bcaptivum</strong></span> <span class='ocrx_word' id='word_1_132' title='bbox 1034 1766 1069 1811; x_wconf 90' lang='lat' dir='ltr'><strong>se</strong></span> <span class='ocrx_word' id='word_1_133' title='bbox 1091 1744 1224 1822; x_wconf 88' lang='lat' dir='ltr'><strong>dicebat,</strong></span> 
     </span>
     <span class='ocr_line' id='line_1_16' title="bbox 125 1843 1227 1932; baseline 0.001 -23"><span class='ocrx_word' id='word_1_134' title='bbox 125 1847 201 1909; x_wconf 94' lang='lat' dir='ltr'><strong>¹non</strong></span> <span class='ocrx_word' id='word_1_135' title='bbox 218 1866 361 1913; x_wconf 79' lang='lat' dir='ltr'><strong>servum:</strong></span> <span class='ocrx_word' id='word_1_136' title='bbox 387 1867 460 1911; x_wconf 92' lang='lat' dir='ltr'><strong>nam</strong></span> <span class='ocrx_word' id='word_1_137' title='bbox 481 1845 507 1911; x_wconf 91' lang='lat' dir='ltr'><strong>si</strong></span> <span class='ocrx_word' id='word_1_138' title='bbox 528 1867 596 1911; x_wconf 90' lang='lat' dir='ltr'><strong>rem</strong></span> <span class='ocrx_word' id='word_1_139' title='bbox 618 1853 704 1910; x_wconf 88' lang='lat' dir='ltr'><strong>reete</strong></span> <span class='ocrx_word' id='word_1_140' title='bbox 727 1843 912 1931; x_wconf 81' lang='lat' dir='ltr'><strong>inspicimus,</strong></span> <span class='ocrx_word' id='word_1_141' title='bbox 934 1844 987 1931; x_wconf 89' lang='lat' dir='ltr'><strong>jus</strong></span> <span class='ocrx_word' id='word_1_142' title='bbox 1003 1844 1062 1909; x_wconf 92' lang='lat' dir='ltr'><strong>hoc</strong></span> <span class='ocrx_word' id='word_1_143' title='bbox 1078 1843 1227 1932; x_wconf 79' lang='lat' dir='ltr'><strong>generale</strong></span> 
     </span>
     <span class='ocr_line' id='line_1_17' title="bbox 122 1942 1226 2031; baseline -0.002 -22"><span class='ocrx_word' id='word_1_144' title='bbox 122 1942 155 2009; x_wconf 91' lang='lat' dir='ltr'><strong>in</strong></span> <span class='ocrx_word' id='word_1_145' title='bbox 171 1952 277 2031; x_wconf 87' lang='lat' dir='ltr'><strong>captos</strong></span> <span class='ocrx_word' id='word_1_146' title='bbox 294 1967 335 2010; x_wconf 88' lang='lat' dir='ltr'><strong>ex</strong></span> <span class='ocrx_word' id='word_1_147' title='bbox 350 1944 432 2010; x_wconf 86' lang='lat' dir='ltr'><strong>bello</strong></span> <span class='ocrx_word' id='word_1_148' title='bbox 450 1944 537 2031; x_wconf 91' lang='lat' dir='ltr'><strong>justo</strong></span> <span class='ocrx_word' id='word_1_149' title='bbox 554 1966 612 2030; x_wconf 84' lang='lat' dir='ltr'><strong>par</strong></span> <span class='ocrx_word' id='word_1_150' title='bbox 628 1952 676 2010; x_wconf 88' lang='lat' dir='ltr'><strong>est</strong></span> <span class='ocrx_word' id='word_1_151' title='bbox 697 1943 727 2008; x_wconf 92' lang='lat' dir='ltr'><strong>ei</strong></span> <span class='ocrx_word' id='word_1_152' title='bbox 745 1943 811 2029; x_wconf 84' lang='lat' dir='ltr'><strong>juri</strong></span> <span class='ocrx_word' id='word_1_153' title='bbox 827 1943 911 2030; x_wconf 93' lang='lat' dir='ltr'><strong>quod</strong></span> <span class='ocrx_word' id='word_1_154' title='bbox 927 1944 1045 2009; x_wconf 85' lang='lat' dir='ltr'><strong>habent</strong></span> <span class='ocrx_word' id='word_1_155' title='bbox 1060 1942 1177 2008; x_wconf 91' lang='lat' dir='ltr'><strong>domini</strong></span> <span class='ocrx_word' id='word_1_156' title='bbox 1192 1942 1226 2008; x_wconf 89' lang='lat' dir='ltr'><strong>in</strong></span> 
     </span>
     <span class='ocr_line' id='line_1_18' title="bbox 122 2041 1226 2131; baseline 0 -23"><span class='ocrx_word' id='word_1_157' title='bbox 122 2043 245 2129; x_wconf 90' lang='lat' dir='ltr'><strong>eosqui</strong></span> <span class='ocrx_word' id='word_1_158' title='bbox 262 2065 297 2110; x_wconf 90' lang='lat' dir='ltr'><strong>se</strong></span> <span class='ocrx_word' id='word_1_159' title='bbox 312 2052 499 2131; x_wconf 83' lang='lat' dir='ltr'><strong>paupertate</strong></span> <span class='ocrx_word' id='word_1_160' title='bbox 514 2043 611 2109; x_wconf 85' lang='lat' dir='ltr'><strong>eoacti</strong></span> <span class='ocrx_word' id='word_1_161' title='bbox 631 2042 665 2107; x_wconf 93' lang='lat' dir='ltr'><strong>in</strong></span> <span class='ocrx_word' id='word_1_162' title='bbox 686 2042 869 2108; x_wconf 85' lang='lat' dir='ltr'><strong>servitutem</strong></span> <span class='ocrx_word' id='word_1_163' title='bbox 886 2042 1103 2118; x_wconf 81' lang='lat' dir='ltr'><strong>vendiderunt,</strong></span> <span class='ocrx_word' id='word_1_164' title='bbox 1121 2041 1226 2108; x_wconf 90' lang='lat' dir='ltr'><strong>demto</strong></span> 
     </span>
     <span class='ocr_line' id='line_1_19' title="bbox 122 2140 1226 2231; baseline 0 -26"><span class='ocrx_word' id='word_1_165' title='bbox 122 2142 314 2227; x_wconf 83' lang='lat' dir='ltr'><strong>quodetiam</strong></span> <span class='ocrx_word' id='word_1_166' title='bbox 331 2142 430 2231; x_wconf 90' lang='lat' dir='ltr'><strong>magis</strong></span> <span class='ocrx_word' id='word_1_167' title='bbox 447 2142 623 2209; x_wconf 90' lang='lat' dir='ltr'><strong>miseranda</strong></span> <span class='ocrx_word' id='word_1_168' title='bbox 643 2151 691 2207; x_wconf 89' lang='lat' dir='ltr'><strong>est</strong></span> <span class='ocrx_word' id='word_1_169' title='bbox 714 2163 822 2207; x_wconf 88' lang='lat' dir='ltr'><strong>eorum</strong></span> <span class='ocrx_word' id='word_1_170' title='bbox 838 2140 1006 2219; x_wconf 85' lang='lat' dir='ltr'><strong>calamitas,</strong></span> <span class='ocrx_word' id='word_1_171' title='bbox 1021 2140 1075 2227; x_wconf 93' lang='lat' dir='ltr'><strong>qui</strong></span> <span class='ocrx_word' id='word_1_172' title='bbox 1091 2162 1154 2205; x_wconf 93' lang='lat' dir='ltr'><strong>non</strong></span> <span class='ocrx_word' id='word_1_173' title='bbox 1169 2162 1226 2206; x_wconf 93' lang='lat' dir='ltr'><strong>suo</strong></span> 
     </span>
     <span class='ocr_line' id='line_1_20' title="bbox 122 2238 1225 2330; baseline -0.001 -24"><span class='ocrx_word' id='word_1_174' title='bbox 122 2241 205 2306; x_wconf 81' lang='lat' dir='ltr'><strong>facto</strong></span> <span class='ocrx_word' id='word_1_175' title='bbox 230 2240 354 2327; x_wconf 83' lang='lat' dir='ltr'><strong>speciali</strong></span> <span class='ocrx_word' id='word_1_176' title='bbox 378 2241 434 2307; x_wconf 88' lang='lat' dir='ltr'><strong>sed</strong></span> <span class='ocrx_word' id='word_1_177' title='bbox 456 2241 631 2330; x_wconf 88' lang='lat' dir='ltr'><strong>regentium</strong></span> <span class='ocrx_word' id='word_1_178' title='bbox 654 2240 746 2327; x_wconf 89' lang='lat' dir='ltr'><strong>culpa</strong></span> <span class='ocrx_word' id='word_1_179' title='bbox 764 2240 797 2305; x_wconf 94' lang='lat' dir='ltr'><strong>in</strong></span> <span class='ocrx_word' id='word_1_180' title='bbox 818 2261 887 2306; x_wconf 86' lang='lat' dir='ltr'><strong>eam</strong></span> <span class='ocrx_word' id='word_1_181' title='bbox 909 2249 1026 2306; x_wconf 90' lang='lat' dir='ltr'><strong>sortem</strong></span> <span class='ocrx_word' id='word_1_182' title='bbox 1047 2238 1225 2306; x_wconf 81' lang='lat' dir='ltr'><strong>deveniunt.</strong></span> 
     </span>
     <span class='ocr_line' id='line_1_21' title="bbox 124 2332 1227 2433; baseline -0.005 -24"><span class='ocrx_word' id='word_1_183' title='bbox 124 2335 333 2409; x_wconf 78' lang='grc' dir='ltr'><strong>Δεινότατον</strong></span> <span class='ocrx_word' id='word_1_184' title='bbox 349 2332 565 2433; x_wconf 71' lang='lat' dir='ltr'><strong>dopsohwrosis</strong></span> <span class='ocrx_word' id='word_1_185' title='bbox 589 2334 763 2429; x_wconf 72' lang='grc' dir='ltr'><strong>γενέσθαι·</strong></span> <span class='ocrx_word' id='word_1_186' title='bbox 789 2363 841 2407; x_wconf 78' lang='lat' dir='ltr'><strong>rea</strong></span> <span class='ocrx_word' id='word_1_187' title='bbox 856 2342 1068 2407; x_wconf 80' lang='lat' dir='ltr'><strong>acerbissima</strong></span> <span class='ocrx_word' id='word_1_188' title='bbox 1086 2352 1134 2406; x_wconf 80' lang='lat' dir='ltr'><strong>eat</strong></span> <span class='ocrx_word' id='word_1_189' title='bbox 1151 2340 1227 2406; x_wconf 79' lang='lat' dir='ltr'><strong>belli</strong></span> 
     </span>
     <span class='ocr_line' id='line_1_22' title="bbox 115 2438 756 2526; baseline 0.003 -23"><span class='ocrx_word' id='word_1_190' title='bbox 115 2438 195 2521; x_wconf 81' lang='lat' dir='ltr'><strong>jure</strong></span> <span class='ocrx_word' id='word_1_191' title='bbox 211 2441 375 2526; x_wconf 77' lang='lat' dir='ltr'><strong>captivom</strong></span> <span class='ocrx_word' id='word_1_192' title='bbox 384 2443 485 2525; x_wconf 73' lang='lat' dir='ltr'><strong>fieri:</strong></span> <span class='ocrx_word' id='word_1_193' title='bbox 511 2447 591 2506; x_wconf 87' lang='lat' dir='ltr'><strong>teste</strong></span> <span class='ocrx_word' id='word_1_194' title='bbox 607 2439 756 2505; x_wconf 86' lang='lat' dir='ltr'><strong>Isocrate.</strong></span> 
     </span>
    </p>
   </div>
   <div class='ocr_carea' id='block_1_3' title="bbox 123 2611 1227 2822">
    <p class='ocr_par' dir='ltr' id='par_1_4' title="bbox 123 2611 1227 2822">
     <span class='ocr_line' id='line_1_23' title="bbox 123 2611 1226 2673; baseline 0 -15"><span class='ocrx_word' id='word_1_195' title='bbox 123 2612 181 2658; x_wconf 80' lang='lat' dir='ltr'><strong>bunt</strong></span> <span class='ocrx_word' id='word_1_196' title='bbox 193 2611 286 2660; x_wconf 82' lang='lat' dir='ltr'><strong>liberos.</strong></span> <span class='ocrx_word' id='word_1_197' title='bbox 307 2612 375 2671; x_wconf 85' lang='lat' dir='ltr'><strong>(Lib.</strong></span> <span class='ocrx_word' id='word_1_198' title='bbox 391 2613 463 2673; x_wconf 81' lang='lat' dir='ltr'><strong>Quod</strong></span> <span class='ocrx_word' id='word_1_199' title='bbox 470 2613 545 2659; x_wconf 81' lang='lat' dir='ltr'><strong>omnis</strong></span> <span class='ocrx_word' id='word_1_200' title='bbox 555 2612 650 2659; x_wconf 81' lang='lat' dir='ltr'><strong>Probus</strong></span> <span class='ocrx_word' id='word_1_201' title='bbox 700 2627 758 2673; x_wconf 82' lang='lat' dir='ltr'><strong>pag.</strong></span> <span class='ocrx_word' id='word_1_202' title='bbox 768 2615 822 2669; x_wconf 72' lang='lat'><strong>445.</strong></span> <span class='ocrx_word' id='word_1_203' title='bbox 836 2614 878 2660; x_wconf 87' lang='lat' dir='ltr'><strong>sed</strong></span> <span class='ocrx_word' id='word_1_204' title='bbox 887 2628 936 2659; x_wconf 87' lang='lat' dir='ltr'><strong>non</strong></span> <span class='ocrx_word' id='word_1_205' title='bbox 947 2613 1025 2669; x_wconf 87' lang='lat' dir='ltr'><strong>docet,</strong></span> <span class='ocrx_word' id='word_1_206' title='bbox 1038 2612 1102 2659; x_wconf 86' lang='lat' dir='ltr'><strong>unde</strong></span> <span class='ocrx_word' id='word_1_207' title='bbox 1110 2611 1226 2658; x_wconf 81' lang='lat' dir='ltr'><strong>hemerlt.</strong></span> 
     </span>
     <span class='ocr_line' id='line_1_24' title="bbox 124 2686 1227 2749; baseline 0 -15"><span class='ocrx_word' id='word_1_208' title='bbox 124 2687 191 2747; x_wconf 83' lang='lat' dir='ltr'><strong>liber,</strong></span> <span class='ocrx_word' id='word_1_209' title='bbox 207 2701 263 2748; x_wconf 73' lang='lat' dir='ltr'><strong>pag.</strong></span> <span class='ocrx_word' id='word_1_210' title='bbox 275 2689 320 2735; x_wconf 80' lang='lat'><strong>870</strong></span> <span class='ocrx_word' id='word_1_211' title='bbox 331 2688 370 2747; x_wconf 81' lang='lat' dir='ltr'><strong>n.)</strong></span> <span class='ocrx_word' id='word_1_212' title='bbox 404 2686 524 2734; x_wconf 84' lang='lat' dir='ltr'><strong>Nimirum</strong></span> <span class='ocrx_word' id='word_1_213' title='bbox 541 2692 570 2735; x_wconf 92' lang='lat' dir='ltr'><strong>ut</strong></span> <span class='ocrx_word' id='word_1_214' title='bbox 584 2688 650 2747; x_wconf 82' lang='lat' dir='ltr'><strong>apud</strong></span> <span class='ocrx_word' id='word_1_215' title='bbox 701 2689 818 2748; x_wconf 88' lang='lat' dir='ltr'><strong>Reperies</strong></span> <span class='ocrx_word' id='word_1_216' title='bbox 833 2690 898 2749; x_wconf 87' lang='lat' dir='ltr'><strong>apud</strong></span> <span class='ocrx_word' id='word_1_217' title='bbox 915 2689 1110 2745; x_wconf 78' lang='lat' dir='ltr'><strong>Annsnonnnnss,</strong></span> <span class='ocrx_word' id='word_1_218' title='bbox 1127 2687 1227 2735; x_wconf 82' lang='lat' dir='ltr'><strong>Politic.</strong></span> 
     </span>
     <span class='ocr_line' id='line_1_25' title="bbox 124 2760 1225 2822; baseline 0 -15"><span class='ocrx_word' id='word_1_219' title='bbox 124 2760 278 2808; x_wconf 83' lang='lat' dir='ltr'><strong>Theodectcn</strong></span> <span class='ocrx_word' id='word_1_220' title='bbox 289 2760 383 2807; x_wconf 81' lang='lat' dir='ltr'><strong>Helena</strong></span> <span class='ocrx_word' id='word_1_221' title='bbox 392 2760 547 2820; x_wconf 76' lang='lat' dir='ltr'><strong>loquebatur:</strong></span> <span class='ocrx_word' id='word_1_222' title='bbox 701 2763 755 2811; x_wconf 87' lang='lat' dir='ltr'><strong>Lib.</strong></span> <span class='ocrx_word' id='word_1_223' title='bbox 767 2777 786 2811; x_wconf 90' lang='lat'><strong>1.</strong></span> <span class='ocrx_word' id='word_1_224' title='bbox 801 2777 856 2822; x_wconf 75' lang='lat' dir='ltr'><strong>cap.</strong></span> <span class='ocrx_word' id='word_1_225' title='bbox 866 2763 897 2809; x_wconf 79' lang='lat' dir='ltr'><strong>vl.</strong></span> <span class='ocrx_word' id='word_1_226' title='bbox 915 2776 971 2822; x_wconf 81' lang='lat' dir='ltr'><strong>pag.</strong></span> <span class='ocrx_word' id='word_1_227' title='bbox 981 2765 1026 2809; x_wconf 77' lang='lat'><strong>302</strong></span> <span class='ocrx_word' id='word_1_228' title='bbox 1037 2775 1064 2809; x_wconf 83' lang='lat' dir='ltr'><strong>n.</strong></span> <span class='ocrx_word' id='word_1_229' title='bbox 1078 2761 1128 2807; x_wconf 77' lang='lat' dir='ltr'><strong>Ed.</strong></span> <span class='ocrx_word' id='word_1_230' title='bbox 1139 2760 1225 2807; x_wconf 85' lang='lat' dir='ltr'><strong>Paris.</strong></span> 
     </span>
    </p>
   </div>
   <div class='ocr_carea' id='block_1_4' title="bbox 175 2833 1227 2970">
    <p class='ocr_par' dir='ltr' id='par_1_5' title="bbox 175 2833 1227 2970">
     <span class='ocr_line' id='line_1_26' title="bbox 175 2833 1227 2902; baseline -0.01 -10"><span class='ocrx_word' id='word_1_231' title='bbox 175 2850 233 2892; x_wconf 65' lang='lat' dir='ltr'><strong>ossis</strong></span> <span class='ocrx_word' id='word_1_232' title='bbox 247 2849 282 2891; x_wconf 73' lang='lat' dir='ltr'><strong>dr·</strong></span> <span class='ocrx_word' id='word_1_233' title='bbox 297 2848 377 2902; x_wconf 63' lang='grc' dir='ltr'>ἀμφοῖν</span> <span class='ocrx_word' id='word_1_234' title='bbox 389 2848 474 2901; x_wconf 62' lang='grc' dir='ltr'><strong>ἐκγόνου</strong></span> <span class='ocrx_word' id='word_1_235' title='bbox 483 2847 610 2901; x_wconf 52' lang='lat' dir='ltr'><strong>intonsae,</strong></span> <span class='ocrx_word' id='word_1_236' title='bbox 701 2836 744 2883; x_wconf 90' lang='lat' dir='ltr'><strong>ubi</strong></span> <span class='ocrx_word' id='word_1_237' title='bbox 759 2836 862 2896; x_wconf 85' lang='lat' dir='ltr'><strong>legitur:</strong></span> <span class='ocrx_word' id='word_1_238' title='bbox 884 2836 962 2881; x_wconf 70' lang='grc' dir='ltr'><strong><em>Θείαν</em></strong></span> <span class='ocrx_word' id='word_1_239' title='bbox 983 2834 1003 2881; x_wconf 80' lang='grc' dir='ltr'><strong>δ’</strong></span> <span class='ocrx_word' id='word_1_240' title='bbox 1021 2834 1074 2892; x_wconf 71' lang='grc' dir='ltr'><strong>ἀπ’,</strong></span> <span class='ocrx_word' id='word_1_241' title='bbox 1095 2833 1138 2881; x_wconf 80' lang='lat' dir='ltr'><strong>dte.</strong></span> <span class='ocrx_word' id='word_1_242' title='bbox 1156 2838 1227 2881; x_wconf 80' lang='lat' dir='ltr'><strong>utet</strong></span> 
     </span>
     <span class='ocr_line' id='line_1_27' title="bbox 175 2908 1226 2970; baseline 0 -13"><span class='ocrx_word' id='word_1_243' title='bbox 175 2916 211 2961; x_wconf 77' lang='grc' dir='ltr'><strong>Τίς</strong></span> <span class='ocrx_word' id='word_1_244' title='bbox 223 2916 250 2959; x_wconf 72' lang='grc' dir='ltr'><strong>ἂν</strong></span> <span class='ocrx_word' id='word_1_245' title='bbox 263 2915 385 2968; x_wconf 65' lang='lat' dir='ltr'><strong>metistis</strong></span> <span class='ocrx_word' id='word_1_246' title='bbox 397 2914 508 2965; x_wconf 63' lang='lat' dir='ltr'><strong>officiosior</strong></span> <span class='ocrx_word' id='word_1_247' title='bbox 523 2914 608 2967; x_wconf 64' lang='grc' dir='ltr'><strong>λάτριν]</strong></span> <span class='ocrx_word' id='word_1_248' title='bbox 700 2911 726 2958; x_wconf 85' lang='lat' dir='ltr'><strong>ln</strong></span> <span class='ocrx_word' id='word_1_249' title='bbox 747 2910 840 2957; x_wconf 74' lang='lat' dir='ltr'><strong>Heinsil</strong></span> <span class='ocrx_word' id='word_1_250' title='bbox 859 2910 979 2968; x_wconf 82' lang='lat' dir='ltr'><strong>Editione,</strong></span> <span class='ocrx_word' id='word_1_251' title='bbox 1000 2923 1055 2955; x_wconf 81' lang='lat' dir='ltr'><strong>eum</strong></span> <span class='ocrx_word' id='word_1_252' title='bbox 1075 2908 1226 2970; x_wconf 68' lang='lat' dir='ltr'><strong>Pmphmi.</strong></span> 
     </span>
    </p>
   </div>
   <div class='ocr_carea' id='block_1_5' title="bbox 170 2984 1228 3119">
    <p class='ocr_par' dir='ltr' id='par_1_6' title="bbox 170 2984 1228 3119">
     <span class='ocr_line' id='line_1_28' title="bbox 171 2984 783 3048; baseline -0.005 -1"><span class='ocrx_word' id='word_1_253' title='bbox 171 2999 264 3048; x_wconf 67' lang='lat' dir='ltr'><strong>umus</strong></span> <span class='ocrx_word' id='word_1_254' title='bbox 275 2999 354 3047; x_wconf 68' lang='lat' dir='ltr'><strong>ceneri·</strong></span> <span class='ocrx_word' id='word_1_255' title='bbox 367 3002 425 3047; x_wconf 76' lang='lat' dir='ltr'><strong>pono</strong></span> <span class='ocrx_word' id='word_1_256' title='bbox 438 3000 559 3046; x_wconf 58' lang='lat' dir='ltr'><strong>progniem</strong></span> <span class='ocrx_word' id='word_1_257' title='bbox 571 2996 625 3044; x_wconf 58' lang='lat' dir='ltr'><strong>nus</strong></span> <span class='ocrx_word' id='word_1_258' title='bbox 700 2984 783 3045; x_wconf 66' lang='lat' dir='ltr'><strong>Mt]</strong></span> 
     </span>
     <span class='ocr_line' id='line_1_29' title="bbox 170 3058 1228 3119; baseline 0.007 -18"><span class='ocrx_word' id='word_1_259' title='bbox 170 3061 241 3101; x_wconf 67' lang='lat' dir='ltr'><strong>mmo</strong></span> <span class='ocrx_word' id='word_1_260' title='bbox 251 3071 330 3101; x_wconf 72' lang='lat' dir='ltr'><strong>mum</strong></span> <span class='ocrx_word' id='word_1_261' title='bbox 342 3061 447 3100; x_wconf 78' lang='lat' dir='ltr'><strong>nomnmo</strong></span> <span class='ocrx_word' id='word_1_262' title='bbox 458 3060 494 3108; x_wconf 85' lang='lat' dir='ltr'><strong>qm</strong></span> <span class='ocrx_word' id='word_1_263' title='bbox 503 3060 595 3100; x_wconf 58' lang='lat' dir='ltr'><strong>sudati</strong></span> <span class='ocrx_word' id='word_1_264' title='bbox 747 3060 755 3089; x_wconf 91' lang='lat'>¹</span> <span class='ocrx_word' id='word_1_265' title='bbox 771 3061 857 3107; x_wconf 80' lang='lat' dir='ltr'><strong>Refert</strong></span> <span class='ocrx_word' id='word_1_266' title='bbox 875 3059 900 3104; x_wconf 87' lang='lat' dir='ltr'><strong>id</strong></span> <span class='ocrx_word' id='word_1_267' title='bbox 918 3058 1099 3119; x_wconf 81' lang='lat' dir='ltr'><strong>Pncrsncnus,</strong></span> <span class='ocrx_word' id='word_1_268' title='bbox 1120 3058 1228 3119; x_wconf 79' lang='lat' dir='ltr'><strong>Apoptt.</strong></span> 
     </span>
    </p>
   </div>
   <div class='ocr_carea' id='block_1_6' title="bbox 125 3130 1227 3270">
    <p class='ocr_par' dir='ltr' id='par_1_7' title="bbox 125 3130 1227 3270">
     <span class='ocr_line' id='line_1_30' title="bbox 126 3130 1227 3195; baseline -0.007 -15"><span class='ocrx_word' id='word_1_269' title='bbox 126 3132 220 3195; x_wconf 85' lang='lat' dir='ltr'><strong>[Habet</strong></span> <span class='ocrx_word' id='word_1_270' title='bbox 239 3132 285 3179; x_wconf 94' lang='lat' dir='ltr'><strong>hoo</strong></span> <span class='ocrx_word' id='word_1_271' title='bbox 309 3134 403 3179; x_wconf 81' lang='lat' dir='ltr'><strong>Auctor</strong></span> <span class='ocrx_word' id='word_1_272' title='bbox 428 3136 512 3177; x_wconf 85' lang='lat' dir='ltr'><strong>noster</strong></span> <span class='ocrx_word' id='word_1_273' title='bbox 532 3131 604 3177; x_wconf 85' lang='lat' dir='ltr'><strong>etiam</strong></span> <span class='ocrx_word' id='word_1_274' title='bbox 624 3130 649 3177; x_wconf 91' lang='lat' dir='ltr'><strong>ln</strong></span> <span class='ocrx_word' id='word_1_275' title='bbox 701 3134 791 3183; x_wconf 68' lang='lat' dir='ltr'><strong>Lacon.</strong></span> <span class='ocrx_word' id='word_1_276' title='bbox 806 3136 954 3195; x_wconf 53' lang='lat' dir='ltr'><strong>pegma,</strong></span> <span class='ocrx_word' id='word_1_277' title='bbox 974 3134 1045 3182; x_wconf 77' lang='lat' dir='ltr'><strong>Tom.</strong></span> <span class='ocrx_word' id='word_1_278' title='bbox 1056 3147 1085 3183; x_wconf 89' lang='lat'><strong>11.</strong></span> <span class='ocrx_word' id='word_1_279' title='bbox 1106 3135 1159 3183; x_wconf 70' lang='lat' dir='ltr'><strong>Ea,</strong></span> <span class='ocrx_word' id='word_1_280' title='bbox 1176 3135 1227 3181; x_wconf 68' lang='lat' dir='ltr'><strong>m.</strong></span> 
     </span>
     <span class='ocr_line' id='line_1_31' title="bbox 125 3206 860 3270; baseline 0 -15"><span class='ocrx_word' id='word_1_281' title='bbox 125 3208 293 3270; x_wconf 73' lang='lat' dir='ltr'><strong>Ercsrptisex</strong></span> <span class='ocrx_word' id='word_1_282' title='bbox 306 3208 448 3269; x_wconf 64' lang='lat' dir='ltr'><strong>disperdet</strong></span> <span class='ocrx_word' id='word_1_283' title='bbox 460 3206 560 3255; x_wconf 84' lang='lat' dir='ltr'><strong>Comoed.</strong></span> <span class='ocrx_word' id='word_1_284' title='bbox 574 3206 649 3255; x_wconf 80' lang='lat' dir='ltr'><strong>Grec.</strong></span> <span class='ocrx_word' id='word_1_285' title='bbox 701 3209 760 3257; x_wconf 78' lang='lat' dir='ltr'><strong>chel.</strong></span> <span class='ocrx_word' id='word_1_286' title='bbox 789 3208 860 3256; x_wconf 70' lang='lat' dir='ltr'><strong>m.</strong></span> 
     </span>
    </p>
   </div>
   <div class='ocr_carea' id='block_1_7' title="bbox 126 3451 1229 4464">
    <p class='ocr_par' dir='ltr' id='par_1_8' title="bbox 126 3451 1227 3680">
     <span class='ocr_line' id='line_1_32' title="bbox 127 3451 1226 3526; baseline 0.002 -20"><span class='ocrx_word' id='word_1_287' title='bbox 127 3453 226 3526; x_wconf 83' lang='lat' dir='ltr'><strong>killing</strong></span> <span class='ocrx_word' id='word_1_288' title='bbox 247 3453 379 3509; x_wconf 89' lang='lat' dir='ltr'><strong>onomies.</strong></span> <span class='ocrx_word' id='word_1_289' title='bbox 413 3453 620 3509; x_wconf 87' lang='lat' dir='ltr'><strong>Demosthenes</strong></span> <span class='ocrx_word' id='word_1_290' title='bbox 644 3453 750 3524; x_wconf 88' lang='lat' dir='ltr'><strong>praises</strong></span> <span class='ocrx_word' id='word_1_291' title='bbox 773 3453 878 3525; x_wconf 83' lang='lat' dir='ltr'><strong>Philip,</strong></span> <span class='ocrx_word' id='word_1_292' title='bbox 901 3453 1023 3507; x_wconf 88' lang='lat' dir='ltr'><strong>because</strong></span> <span class='ocrx_word' id='word_1_293' title='bbox 1042 3451 1081 3506; x_wconf 90' lang='lat' dir='ltr'><strong>he</strong></span> <span class='ocrx_word' id='word_1_294' title='bbox 1104 3452 1153 3507; x_wconf 91' lang='lat' dir='ltr'><strong>did</strong></span> <span class='ocrx_word' id='word_1_295' title='bbox 1174 3458 1226 3508; x_wconf 93' lang='lat' dir='ltr'><strong>not</strong></span> 
     </span>
     <span class='ocr_line' id='line_1_33' title="bbox 127 3536 1227 3608; baseline 0 -16"><span class='ocrx_word' id='word_1_296' title='bbox 127 3539 210 3593; x_wconf 85' lang='lat' dir='ltr'><strong>make</strong></span> <span class='ocrx_word' id='word_1_297' title='bbox 230 3538 319 3594; x_wconf 83' lang='lat' dir='ltr'><strong>slaves</strong></span> <span class='ocrx_word' id='word_1_298' title='bbox 342 3537 375 3592; x_wconf 83' lang='lat' dir='ltr'><strong>of</strong></span> <span class='ocrx_word' id='word_1_299' title='bbox 394 3538 434 3593; x_wconf 81' lang='lat' dir='ltr'><strong>all</strong></span> <span class='ocrx_word' id='word_1_300' title='bbox 455 3538 518 3593; x_wconf 76' lang='lat' dir='ltr'><strong>who</strong></span> <span class='ocrx_word' id='word_1_301' title='bbox 538 3537 597 3592; x_wconf 87' lang='lat' dir='ltr'><strong>had</strong></span> <span class='ocrx_word' id='word_1_302' title='bbox 616 3538 691 3593; x_wconf 89' lang='lat' dir='ltr'><strong>been</strong></span> <span class='ocrx_word' id='word_1_303' title='bbox 711 3538 755 3592; x_wconf 91' lang='lat' dir='ltr'><strong>his</strong></span> <span class='ocrx_word' id='word_1_304' title='bbox 775 3539 908 3603; x_wconf 89' lang='lat' dir='ltr'><strong>enemios,</strong></span> <span class='ocrx_word' id='word_1_305' title='bbox 931 3537 984 3591; x_wconf 89' lang='lat' dir='ltr'><strong>but</strong></span> <span class='ocrx_word' id='word_1_306' title='bbox 1004 3536 1131 3608; x_wconf 77' lang='lat' dir='ltr'><strong>woighed</strong></span> <span class='ocrx_word' id='word_1_307' title='bbox 1151 3536 1227 3592; x_wconf 85' lang='lat' dir='ltr'><strong>their</strong></span> 
     </span>
     <span class='ocr_line' id='line_1_34' title="bbox 126 3625 242 3680; baseline 0 -1"><span class='ocrx_word' id='word_1_308' title='bbox 126 3625 242 3680; x_wconf 84' lang='lat' dir='ltr'><strong>deserta.</strong></span> 
     </span>
    </p>

    <p class='ocr_par' dir='ltr' id='par_1_9' title="bbox 128 3704 1229 4464">
     <span class='ocr_line' id='line_1_35' title="bbox 181 3704 1227 3777; baseline 0.004 -17"><span class='ocrx_word' id='word_1_309' title='bbox 181 3708 220 3761; x_wconf 94' lang='lat'><strong>11.</strong></span> <span class='ocrx_word' id='word_1_310' title='bbox 257 3711 272 3760; x_wconf 94' lang='lat'>1</span> <span class='ocrx_word' id='word_1_311' title='bbox 295 3707 353 3760; x_wconf 90' lang='lat' dir='ltr'><strong>But</strong></span> <span class='ocrx_word' id='word_1_312' title='bbox 364 3706 435 3770; x_wconf 83' lang='lat' dir='ltr'><strong>ssmt,</strong></span> <span class='ocrx_word' id='word_1_313' title='bbox 455 3705 512 3759; x_wconf 89' lang='lat' dir='ltr'><strong>this</strong></span> <span class='ocrx_word' id='word_1_314' title='bbox 531 3706 554 3759; x_wconf 90' lang='lat' dir='ltr'><strong>is</strong></span> <span class='ocrx_word' id='word_1_315' title='bbox 570 3710 600 3760; x_wconf 87' lang='lat' dir='ltr'><strong>to</strong></span> <span class='ocrx_word' id='word_1_316' title='bbox 614 3705 651 3760; x_wconf 95' lang='lat' dir='ltr'><strong>bo</strong></span> <span class='ocrx_word' id='word_1_317' title='bbox 666 3706 753 3761; x_wconf 89' lang='lat' dir='ltr'><strong>noted</strong></span> <span class='ocrx_word' id='word_1_318' title='bbox 762 3725 771 3771; x_wconf 75' lang='lat'>3</span> <span class='ocrx_word' id='word_1_319' title='bbox 791 3705 854 3762; x_wconf 89' lang='lat' dir='ltr'><strong>that</strong></span> <span class='ocrx_word' id='word_1_320' title='bbox 873 3706 923 3762; x_wconf 90' lang='lat' dir='ltr'><strong>the</strong></span> <span class='ocrx_word' id='word_1_321' title='bbox 937 3705 1013 3777; x_wconf 91' lang='lat' dir='ltr'><strong>right</strong></span> <span class='ocrx_word' id='word_1_322' title='bbox 1033 3704 1124 3762; x_wconf 78' lang='lat' dir='ltr'><strong>which</strong></span> <span class='ocrx_word' id='word_1_323' title='bbox 1141 3706 1227 3764; x_wconf 87' lang='lat' dir='ltr'><strong>arises</strong></span> 
     </span>
     <span class='ocr_line' id='line_1_36' title="bbox 128 3790 1229 3863; baseline 0.005 -19"><span class='ocrx_word' id='word_1_324' title='bbox 128 3791 203 3844; x_wconf 79' lang='lat' dir='ltr'><strong>from</strong></span> <span class='ocrx_word' id='word_1_325' title='bbox 215 3790 328 3844; x_wconf 84' lang='lat' dir='ltr'><strong>citizens</strong></span> <span class='ocrx_word' id='word_1_326' title='bbox 339 3790 424 3861; x_wconf 86' lang='lat' dir='ltr'><strong>being</strong></span> <span class='ocrx_word' id='word_1_327' title='bbox 436 3807 454 3844; x_wconf 89' lang='lat' dir='ltr'><strong>a</strong></span> <span class='ocrx_word' id='word_1_328' title='bbox 467 3797 527 3845; x_wconf 88' lang='lat' dir='ltr'><strong>sort</strong></span> <span class='ocrx_word' id='word_1_329' title='bbox 538 3791 571 3845; x_wconf 82' lang='lat' dir='ltr'><strong>os</strong></span> <span class='ocrx_word' id='word_1_330' title='bbox 580 3796 675 3863; x_wconf 83' lang='lat' dir='ltr'><strong>suroty</strong></span> <span class='ocrx_word' id='word_1_331' title='bbox 687 3791 732 3847; x_wconf 83' lang='lat' dir='ltr'><strong>for</strong></span> <span class='ocrx_word' id='word_1_332' title='bbox 742 3792 792 3847; x_wconf 86' lang='lat' dir='ltr'><strong>the</strong></span> <span class='ocrx_word' id='word_1_333' title='bbox 805 3792 926 3857; x_wconf 71' lang='lat' dir='ltr'><strong>Stateis</strong></span> <span class='ocrx_word' id='word_1_334' title='bbox 940 3792 978 3863; x_wconf 83' lang='lat' dir='ltr'><strong>by</strong></span> <span class='ocrx_word' id='word_1_335' title='bbox 991 3808 1030 3847; x_wconf 91' lang='lat' dir='ltr'><strong>no</strong></span> <span class='ocrx_word' id='word_1_336' title='bbox 1042 3808 1138 3849; x_wconf 87' lang='lat' dir='ltr'><strong>mouns</strong></span> <span class='ocrx_word' id='word_1_337' title='bbox 1148 3799 1179 3849; x_wconf 90' lang='lat' dir='ltr'><strong>to</strong></span> <span class='ocrx_word' id='word_1_338' title='bbox 1190 3794 1229 3849; x_wconf 88' lang='lat' dir='ltr'><strong>be</strong></span> 
     </span>
     <span class='ocr_line' id='line_1_37' title="bbox 129 3873 1228 3950; baseline 0.005 -21"><span class='ocrx_word' id='word_1_339' title='bbox 129 3873 270 3930; x_wconf 86' lang='lat' dir='ltr'><strong>extendod</strong></span> <span class='ocrx_word' id='word_1_340' title='bbox 280 3891 311 3930; x_wconf 90' lang='lat' dir='ltr'><strong>so</strong></span> <span class='ocrx_word' id='word_1_341' title='bbox 326 3875 426 3948; x_wconf 75' lang='lat' dir='ltr'><strong>widely</strong></span> <span class='ocrx_word' id='word_1_342' title='bbox 445 3893 476 3931; x_wconf 87' lang='lat' dir='ltr'><strong>as</strong></span> <span class='ocrx_word' id='word_1_343' title='bbox 495 3877 544 3931; x_wconf 87' lang='lat' dir='ltr'><strong>the</strong></span> <span class='ocrx_word' id='word_1_344' title='bbox 561 3877 638 3949; x_wconf 86' lang='lat' dir='ltr'><strong>right</strong></span> <span class='ocrx_word' id='word_1_345' title='bbox 655 3877 746 3935; x_wconf 77' lang='lat' dir='ltr'><strong>which</strong></span> <span class='ocrx_word' id='word_1_346' title='bbox 762 3880 849 3934; x_wconf 88' lang='lat' dir='ltr'><strong>arises</strong></span> <span class='ocrx_word' id='word_1_347' title='bbox 863 3897 895 3934; x_wconf 77' lang='lat' dir='ltr'><strong>eo</strong></span> <span class='ocrx_word' id='word_1_348' title='bbox 913 3879 1006 3934; x_wconf 79' lang='lat' dir='ltr'><strong>delicto</strong></span> <span class='ocrx_word' id='word_1_349' title='bbox 1023 3880 1132 3950; x_wconf 82' lang='lat' dir='ltr'><strong>against</strong></span> <span class='ocrx_word' id='word_1_350' title='bbox 1146 3879 1228 3935; x_wconf 87' lang='lat' dir='ltr'><strong>those</strong></span> 
     </span>
     <span class='ocr_line' id='line_1_38' title="bbox 129 3960 1229 4038; baseline 0.004 -24"><span class='ocrx_word' id='word_1_351' title='bbox 129 3960 191 4014; x_wconf 78' lang='lat' dir='ltr'><strong>who</strong></span> <span class='ocrx_word' id='word_1_352' title='bbox 203 3976 252 4014; x_wconf 86' lang='lat' dir='ltr'><strong>aro</strong></span> <span class='ocrx_word' id='word_1_353' title='bbox 263 3961 348 4031; x_wconf 90' lang='lat' dir='ltr'><strong>penal</strong></span> <span class='ocrx_word' id='word_1_354' title='bbox 362 3960 459 4016; x_wconf 86' lang='lat' dir='ltr'><strong>slaves.</strong></span> <span class='ocrx_word' id='word_1_355' title='bbox 483 3960 548 4018; x_wconf 85' lang='lat' dir='ltr'><strong>And</strong></span> <span class='ocrx_word' id='word_1_356' title='bbox 559 3963 634 4030; x_wconf 86' lang='lat' dir='ltr'><strong>thus,</strong></span> <span class='ocrx_word' id='word_1_357' title='bbox 648 3981 666 4018; x_wconf 88' lang='lat' dir='ltr'><strong>a</strong></span> <span class='ocrx_word' id='word_1_358' title='bbox 676 3966 784 4020; x_wconf 89' lang='lat' dir='ltr'><strong>certain</strong></span> <span class='ocrx_word' id='word_1_359' title='bbox 797 3966 917 4038; x_wconf 80' lang='lat' dir='ltr'><strong>Spartan</strong></span> <span class='ocrx_word' id='word_1_360' title='bbox 930 3964 999 4028; x_wconf 89' lang='lat' dir='ltr'><strong>said,</strong></span> <span class='ocrx_word' id='word_1_361' title='bbox 1015 3964 1078 4019; x_wconf 89' lang='lat' dir='ltr'><strong>that</strong></span> <span class='ocrx_word' id='word_1_362' title='bbox 1091 3965 1129 4020; x_wconf 92' lang='lat' dir='ltr'><strong>he</strong></span> <span class='ocrx_word' id='word_1_363' title='bbox 1140 3981 1195 4018; x_wconf 84' lang='lat' dir='ltr'><strong>was</strong></span> <span class='ocrx_word' id='word_1_364' title='bbox 1210 3981 1229 4018; x_wconf 92' lang='lat' dir='ltr'><strong>a</strong></span> 
     </span>
     <span class='ocr_line' id='line_1_39' title="bbox 129 4045 1228 4120; baseline 0.003 -20"><span class='ocrx_word' id='word_1_365' title='bbox 129 4046 249 4118; x_wconf 82' lang='lat' dir='ltr'><strong>captive,</strong></span> <span class='ocrx_word' id='word_1_366' title='bbox 260 4045 313 4099; x_wconf 94' lang='lat' dir='ltr'><strong>but</strong></span> <span class='ocrx_word' id='word_1_367' title='bbox 328 4051 380 4100; x_wconf 87' lang='lat' dir='ltr'><strong>not</strong></span> <span class='ocrx_word' id='word_1_368' title='bbox 394 4061 412 4099; x_wconf 89' lang='lat' dir='ltr'><strong>a</strong></span> <span class='ocrx_word' id='word_1_369' title='bbox 425 4046 510 4101; x_wconf 84' lang='lat' dir='ltr'><strong>slavo.</strong></span> <span class='ocrx_word' id='word_1_370' title='bbox 546 4047 604 4102; x_wconf 85' lang='lat' dir='ltr'><strong>For</strong></span> <span class='ocrx_word' id='word_1_371' title='bbox 621 4048 647 4101; x_wconf 79' lang='lat' dir='ltr'><strong>if</strong></span> <span class='ocrx_word' id='word_1_372' title='bbox 664 4066 705 4104; x_wconf 85' lang='lat' dir='ltr'><strong>wo</strong></span> <span class='ocrx_word' id='word_1_373' title='bbox 719 4049 825 4120; x_wconf 79' lang='lat' dir='ltr'><strong>rightly</strong></span> <span class='ocrx_word' id='word_1_374' title='bbox 844 4050 911 4103; x_wconf 86' lang='lat' dir='ltr'><strong>look</strong></span> <span class='ocrx_word' id='word_1_375' title='bbox 929 4055 960 4103; x_wconf 85' lang='lat' dir='ltr'><strong>at</strong></span> <span class='ocrx_word' id='word_1_376' title='bbox 976 4047 1026 4102; x_wconf 90' lang='lat' dir='ltr'><strong>tho</strong></span> <span class='ocrx_word' id='word_1_377' title='bbox 1044 4056 1156 4114; x_wconf 88' lang='lat' dir='ltr'><strong>matter,</strong></span> <span class='ocrx_word' id='word_1_378' title='bbox 1171 4049 1228 4103; x_wconf 92' lang='lat' dir='ltr'><strong>this</strong></span> 
     </span>
     <span class='ocr_line' id='line_1_40' title="bbox 128 4131 1229 4203; baseline 0 -17"><span class='ocrx_word' id='word_1_379' title='bbox 128 4131 245 4203; x_wconf 83' lang='lat' dir='ltr'><strong>general</strong></span> <span class='ocrx_word' id='word_1_380' title='bbox 256 4131 332 4202; x_wconf 83' lang='lat' dir='ltr'><strong>right</strong></span> <span class='ocrx_word' id='word_1_381' title='bbox 344 4131 454 4201; x_wconf 75' lang='lat' dir='ltr'><strong>against</strong></span> <span class='ocrx_word' id='word_1_382' title='bbox 465 4131 596 4203; x_wconf 82' lang='lat' dir='ltr'><strong>captives,</strong></span> <span class='ocrx_word' id='word_1_383' title='bbox 610 4133 633 4186; x_wconf 88' lang='lat' dir='ltr'><strong>is</strong></span> <span class='ocrx_word' id='word_1_384' title='bbox 648 4149 686 4187; x_wconf 93' lang='lat' dir='ltr'><strong>on</strong></span> <span class='ocrx_word' id='word_1_385' title='bbox 698 4150 716 4187; x_wconf 90' lang='lat' dir='ltr'><strong>a</strong></span> <span class='ocrx_word' id='word_1_386' title='bbox 729 4134 786 4187; x_wconf 85' lang='lat' dir='ltr'><strong>like</strong></span> <span class='ocrx_word' id='word_1_387' title='bbox 798 4133 908 4203; x_wconf 88' lang='lat' dir='ltr'><strong>footing</strong></span> <span class='ocrx_word' id='word_1_388' title='bbox 921 4132 989 4186; x_wconf 77' lang='lat' dir='ltr'><strong>with</strong></span> <span class='ocrx_word' id='word_1_389' title='bbox 1003 4132 1053 4187; x_wconf 88' lang='lat' dir='ltr'><strong>tho</strong></span> <span class='ocrx_word' id='word_1_390' title='bbox 1068 4131 1144 4202; x_wconf 85' lang='lat' dir='ltr'><strong>right</strong></span> <span class='ocrx_word' id='word_1_391' title='bbox 1163 4131 1197 4186; x_wconf 82' lang='lat' dir='ltr'><strong>of</strong></span> <span class='ocrx_word' id='word_1_392' title='bbox 1210 4149 1229 4186; x_wconf 91' lang='lat' dir='ltr'><strong>a</strong></span> 
     </span>
     <span class='ocr_line' id='line_1_41' title="bbox 128 4214 1229 4287; baseline 0 -16"><span class='ocrx_word' id='word_1_393' title='bbox 128 4223 235 4272; x_wconf 84' lang='lat' dir='ltr'><strong>muster</strong></span> <span class='ocrx_word' id='word_1_394' title='bbox 254 4233 321 4271; x_wconf 82' lang='lat' dir='ltr'><strong>over</strong></span> <span class='ocrx_word' id='word_1_395' title='bbox 334 4215 415 4271; x_wconf 86' lang='lat' dir='ltr'><strong>those</strong></span> <span class='ocrx_word' id='word_1_396' title='bbox 431 4214 494 4271; x_wconf 81' lang='lat' dir='ltr'><strong>who</strong></span> <span class='ocrx_word' id='word_1_397' title='bbox 505 4215 577 4270; x_wconf 84' lang='lat' dir='ltr'><strong>have</strong></span> <span class='ocrx_word' id='word_1_398' title='bbox 591 4215 653 4270; x_wconf 86' lang='lat' dir='ltr'><strong>sold</strong></span> <span class='ocrx_word' id='word_1_399' title='bbox 672 4215 840 4273; x_wconf 83' lang='lat' dir='ltr'><strong>themselves</strong></span> <span class='ocrx_word' id='word_1_400' title='bbox 859 4217 920 4271; x_wconf 90' lang='lat' dir='ltr'><strong>into</strong></span> <span class='ocrx_word' id='word_1_401' title='bbox 940 4216 1049 4287; x_wconf 81' lang='lat' dir='ltr'><strong>slarery</strong></span> <span class='ocrx_word' id='word_1_402' title='bbox 1065 4215 1156 4270; x_wconf 88' lang='lat' dir='ltr'><strong>under</strong></span> <span class='ocrx_word' id='word_1_403' title='bbox 1178 4215 1229 4271; x_wconf 88' lang='lat' dir='ltr'><strong>the</strong></span> 
     </span>
     <span class='ocr_line' id='line_1_42' title="bbox 128 4299 1229 4375; baseline -0.002 -17"><span class='ocrx_word' id='word_1_404' title='bbox 128 4303 305 4375; x_wconf 90' lang='lat' dir='ltr'><strong>compulsion</strong></span> <span class='ocrx_word' id='word_1_405' title='bbox 319 4303 353 4358; x_wconf 79' lang='lat' dir='ltr'><strong>oi</strong></span> <span class='ocrx_word' id='word_1_406' title='bbox 364 4307 454 4367; x_wconf 76' lang='lat' dir='ltr'><strong>want3</strong></span> <span class='ocrx_word' id='word_1_407' title='bbox 476 4300 648 4372; x_wconf 80' lang='lat' dir='ltr'><strong>abstracting</strong></span> <span class='ocrx_word' id='word_1_408' title='bbox 661 4300 711 4357; x_wconf 90' lang='lat' dir='ltr'><strong>tho</strong></span> <span class='ocrx_word' id='word_1_409' title='bbox 729 4299 843 4356; x_wconf 83' lang='lat' dir='ltr'><strong>heerier</strong></span> <span class='ocrx_word' id='word_1_410' title='bbox 859 4306 924 4374; x_wconf 89' lang='lat' dir='ltr'><strong>part</strong></span> <span class='ocrx_word' id='word_1_411' title='bbox 941 4300 975 4355; x_wconf 79' lang='lat' dir='ltr'><strong>oi</strong></span> <span class='ocrx_word' id='word_1_412' title='bbox 993 4299 1068 4354; x_wconf 86' lang='lat' dir='ltr'><strong>their</strong></span> <span class='ocrx_word' id='word_1_413' title='bbox 1088 4301 1229 4374; x_wconf 76' lang='lat' dir='ltr'><strong>eshmity,</strong></span> 
     </span>
     <span class='ocr_line' id='line_1_43' title="bbox 128 4385 1229 4464; baseline -0.003 -17"><span class='ocrx_word' id='word_1_414' title='bbox 128 4389 192 4447; x_wconf 87' lang='lat' dir='ltr'><strong>that</strong></span> <span class='ocrx_word' id='word_1_415' title='bbox 206 4389 275 4464; x_wconf 79' lang='lat' dir='ltr'><strong>they</strong></span> <span class='ocrx_word' id='word_1_416' title='bbox 286 4387 360 4447; x_wconf 85' lang='lat' dir='ltr'><strong>have</strong></span> <span class='ocrx_word' id='word_1_417' title='bbox 380 4404 462 4446; x_wconf 87' lang='lat' dir='ltr'><strong>come</strong></span> <span class='ocrx_word' id='word_1_418' title='bbox 475 4388 535 4444; x_wconf 88' lang='lat' dir='ltr'><strong>into</strong></span> <span class='ocrx_word' id='word_1_419' title='bbox 551 4386 614 4444; x_wconf 84' lang='lat' dir='ltr'><strong>that</strong></span> <span class='ocrx_word' id='word_1_420' title='bbox 632 4404 704 4455; x_wconf 87' lang='lat' dir='ltr'><strong>caso,</strong></span> <span class='ocrx_word' id='word_1_421' title='bbox 723 4393 775 4445; x_wconf 89' lang='lat' dir='ltr'><strong>not</strong></span> <span class='ocrx_word' id='word_1_422' title='bbox 793 4388 832 4462; x_wconf 72' lang='lat' dir='ltr'><strong>by</strong></span> <span class='ocrx_word' id='word_1_423' title='bbox 850 4403 906 4462; x_wconf 79' lang='lat' dir='ltr'><strong>any</strong></span> <span class='ocrx_word' id='word_1_424' title='bbox 923 4385 1029 4461; x_wconf 85' lang='lat' dir='ltr'><strong>special</strong></span> <span class='ocrx_word' id='word_1_425' title='bbox 1043 4391 1090 4444; x_wconf 86' lang='lat' dir='ltr'><strong>aet</strong></span> <span class='ocrx_word' id='word_1_426' title='bbox 1106 4386 1140 4444; x_wconf 81' lang='lat' dir='ltr'><strong>oi</strong></span> <span class='ocrx_word' id='word_1_427' title='bbox 1153 4386 1229 4444; x_wconf 87' lang='lat' dir='ltr'><strong>their</strong></span> 
     </span>
    </p>
   </div>
   <div class='ocr_carea' id='block_1_8' title="bbox 1238 659 1357 709">
    <p class='ocr_par' dir='ltr' id='par_1_10' title="bbox 1238 659 1357 709">
     <span class='ocr_line' id='line_1_44' title="bbox 1238 659 1357 709; baseline 0.017 -10"><span class='ocrx_word' id='word_1_428' title='bbox 1238 659 1286 709; x_wconf 68' lang='lat' dir='ltr'><strong>Peg.</strong></span> <span class='ocrx_word' id='word_1_429' title='bbox 1293 661 1328 700; x_wconf 83' lang='lat' dir='ltr'><strong>lu</strong></span> <span class='ocrx_word' id='word_1_430' title='bbox 1336 668 1357 701; x_wconf 81' lang='grc' dir='ltr'><strong>Ι.</strong></span> 
     </span>
    </p>
   </div>
   <div class='ocr_carea' id='block_1_9' title="bbox 1238 2454 1388 2505">
    <p class='ocr_par' dir='ltr' id='par_1_11' title="bbox 1238 2454 1388 2505">
     <span class='ocr_line' id='line_1_45' title="bbox 1238 2454 1388 2505; baseline -0.007 -9"><span class='ocrx_word' id='word_1_431' title='bbox 1238 2454 1388 2505; x_wconf 61' lang='lat' dir='ltr'><strong>amsans.</strong></span> 
     </span>
    </p>
   </div>
   <div class='ocr_carea' id='block_1_10' title="bbox 0 0 1506 5048">
    <p class='ocr_par' dir='ltr' id='par_1_12' title="bbox 0 0 1506 5048">
     <span class='ocr_line' id='line_1_46' title="bbox 0 0 1506 5048; baseline 0 0"><span class='ocrx_word' id='word_1_432' title='bbox 0 0 1506 5048; x_wconf 95' lang='lat' dir='ltr'><strong> </strong></span> 
     </span>
    </p>
   </div>
  </div>
 </body>
</html>
