2986 5048
118 273 191 331 on.
205 267 275 345 ns]
504 274 556 328 nr.
577 273 843 330 rosrnnrnuo.
1166 264 1228 330 169

119 433 189 500 loeo
213 427 416 520 Pomponius,
443 439 508 509 aut,
533 441 570 499 ut
592 432 708 498 Paulus
733 429 865 517 exempli
891 451 984 496 causa
1012 429 1158 517 explicat,
1187 431 1229 497 ad

119 553 230 621 regem
245 531 361 597 socium
380 531 431 596 vel
447 530 588 597 amioum.
642 530 764 609 Quibus
786 530 820 593 in
842 528 917 594 locis
942 522 1050 593 'amici
1076 537 1132 594 aut
1154 530 1229 595 socii

119 628 315 720 intelligendi
337 637 410 696 sunt
436 651 499 694 non
524 628 705 716 simpliciter
728 627 911 714 quibuscum
928 648 993 714 pax
1009 634 1067 704 est,
1092 628 1148 693 sed
1174 628 1229 713 qui

120 737 229 817 peries
244 727 278 793 in
294 728 377 794 bello
393 727 519 794 easdem
540 736 733 813 sequuntur:
758 726 800 791 ad
824 747 901 812 quos
928 725 983 811 qui
1004 734 1170 803 venerunt,
1193 734 1229 792 ut

119 827 240 893 Paulus
263 824 412 912 loquitur,
447 825 571 892 nomine
599 824 724 913 publico
753 824 814 890 tuti
839 846 907 890 esse
931 822 1091 910 incipiunt.
1142 825 1230 890 Nihil

120 925 206 992 enirn
221 924 364 1001 interest,
389 923 483 990 homo
497 933 553 990 aut
569 945 630 1002 res,
648 923 690 989 ad
704 923 771 997 hos,
788 932 845 989 aut
860 922 903 988 ad
915 942 987 987 suos
1001 923 1193 1008 pervenerit.

199 1022 222 1089 2
254 1022 353 1110 Apud
369 1043 423 1088 eos
439 1044 514 1088 vcro
531 1022 584 1108 qui
598 1021 689 1087 amici
706 1030 788 1098 sunt,
812 1021 868 1087 sed
891 1043 954 1086 non
971 1020 1140 1086 earundem
1156 1044 1230 1108 par-

122 1120 211 1199 tium,
229 1120 311 1187 bello
324 1120 407 1206 capti
422 1128 539 1186 statum
552 1141 614 1185 non
629 1127 753 1186 ιιιιιιιιι
765 1119 823 1184 nisi
841 1142 881 1184 ex
893 1118 1019 1207 speciali
1032 1128 1139 1204 paeto:
1154 1143 1229 1207 quo·

123 1221 216 1287 modo
231 1218 264 1285 in
276 1218 411 1286 secundo
427 1219 535 1286 ledere
551 1218 613 1285 icto
629 1218 712 1283 inter
729 1220 887 1283 Romanos
904 1226 937 1283 et
956 1217 1230 1305 Carthaginienses
1243 1254 1316 1303 Pop,
1326 1254 1392 1294 Μ

126 1325 325 1395 convenerat,
346 1325 382 1384 ut
397 1317 451 1405 qui
465 1338 486 1384 a
500 1316 811 1406 Carthaginiensibus
831 1314 915 1402 capti
940 1335 959 1380 e
981 1314 1103 1400 populis
1125 1317 1231 1382 amicis

123 1418 338 1483 Romanorum
353 1414 386 1481 in
409 1425 518 1503 portus
534 1415 683 1480 Romanis
699 1413 839 1481 subditos
859 1412 1025 1489 venissent,
1050 1411 1081 1477 in
1103 1412 1232 1480 liberta·

128 1524 193 1582 tem
210 1513 361 1581 vindicari
382 1522 525 1602 possent:
548 1521 645 1600 utque
663 1511 967 1601 Carthaginiensium
984 1510 1090 1577 amicis
1107 1534 1166 1599 par
1178 1513 1231 1600 jus

124 1621 216 1679 esset
252 1613 329 1680 Ideo
356 1613 436 1700 ‘qui
452 1615 665 1678 Romanorum
686 1611 768 1678 hello
795 1610 912 1685 Punico
936 1608 1071 1676 secundo
1093 1612 1177 1698 capti
1198 1613 1229 1676 in
1244 1644 1298 1682 pm
1311 1645 1376 1682 a...

124 1711 280 1777 Grmoiam
297 1711 479 1777 commercio
496 1718 713 1798 pervenerant,
725 1710 778 1796 jus
792 1709 835 1775 ibi
847 1707 1026 1796 postliminii
1038 1729 1101 1773 non
1114 1711 1232 1776 habue-
1243 1700 1278 1739 '’¹’'
1289 1690 1382 1736 wi

124 1819 209 1887 runt,
222 1809 296 1897 qnia
313 1809 417 1877 Graeoi
433 1809 467 1874 in
484 1832 520 1875 eo
537 1810 619 1875 bello
636 1818 764 1874 neutras
780 1807 876 1872 secuti
895 1807 1022 1872 inerant
1043 1817 1170 1893 partes:
1195 1832 1232 1874 ac

124 1918 294 1996 propterea
308 1931 386 1997 opus
401 1907 461 1975 suit
477 1930 531 1975 ecs
547 1907 659 1974 redimi
675 1916 712 1974 ut
727 1906 947 1972 liberarentur.
987 1905 1072 1983 Quin
1093 1915 1126 1972 et
1147 1909 1232 1995 apud

170 2075 360 2124 αΝικιίιιιὸιιιιι
375 2074 514 2137 eliminium]
536 2076 571 2123 Et
586 2076 654 2124 eolli-
704 2076 799 2123 Iocru.

126 2150 257 2197 aaran
267 2151 349 2198 Solium
366 2151 538 2211 (Cap.16.rel
548 2151 602 2209 25.)
617 2155 655 2196 est
749 2158 762 2193 t
779 2148 998 2209 erismatorum
1015 2150 1075 2198 bello
1091 2151 1184 2200 Punico
1197 2169 1233 2201 se-

126 2225 438 2286 qnodrnlgucollinitim.
704 2223 891 2283 mmdccaptiin
904 2223 1022 2272 Gratiam
1031 2229 1166 2275 commercio
1174 2246 1233 2290 per.

171 2299 239 2347 ‘Et
256 2299 334 2347 redita
354 2301 379 2346 in
397 2299 476 2359 lim]
493 2299 557 2345 Hine
574 2302 655 2345 sumta
704 2296 874 2353 mamilius
888 2296 922 2342 ibi
929 2299 1073 2356 postliminii
1085 2317 1130 2348 ιιι
1144 2304 1232 2351 labue-

126 2373 283 2420 translations
297 2372 471 2433 postliminium
490 2373 655 2421 ecclesiastica
704 2373 771 2434 runt]
783 2372 894 2421 Valerius
902 2374 1022 2421 Maximus
1031 2376 1086 2423 Lib.
1096 2390 1123 2425 v.
1134 2393 1186 2438 cap.
1194 2383 1231 2427 11.

123 2447 195 2507 pacis
212 2447 273 2493 dixit
288 2447 453 2495 Tertullianus
473 2448 502 2495 de
517 2448 652 2495 Pudicitia.
705 2461 728 2494 ιι.
741 2449 763 2496 6.
793 2447 915 2493 Diodorus
926 2447 1021 2495 Siculus
1036 2458 1149 2512 excerpto
1164 2454 1233 2514 loga·

127 2520 205 2581 (cap.
216 2523 269 2577 15.)
704 2522 796 2567 tionum
807 2535 832 2566 n.
842 2524 865 2569 3.
896 2522 935 2567 Sic
946 2527 971 2568 et
981 2523 1070 2571 Rhodii
1083 2541 1144 2585 qnos
1154 2528 1233 2574 Athe.

172 2594 276 2642 ‘Anici
295 2600 339 2642 ast
356 2597 417 2643 socii
436 2595 582 2655 intedigendi
600 2601 655 2642 sunt
704 2596 822 2642 niensium
839 2596 905 2640 cives
919 2596 984 2641 bello
994 2597 1100 2658 Philippi
1117 2608 1233 2660 emerunt,

127 2684 173 2716 ιιοιι
186 2671 325 2730 sinpliciter
338 2671 474 2730 quibuscum
485 2685 539 2730 pas
554 2669 599 2730 est]
617 2672 656 2716 lta
704 2669 1169 2722 liberaliter-Atheniensibusreddidere.
1186 2677 1233 2722 Po.

127 2740 229 2787 ιιιιιιιο
239 2741 331 2787 Marcei
341 2746 366 2788 et
376 2740 444 2788 rese
458 2754 540 2801 regem
554 2746 656 2802 apparet
704 2743 783 2803 lybios
793 2745 906 2800 excerpto
916 2741 1065 2802 legationum
1076 2749 1126 2792 n.3
1136 2746 1233 2806 [ι.1ιιίι.

127 2828 158 2861 ex
177 2814 273 2861 Thinani
292 2815 354 2862 hhro
373 2827 459 2864 cxxx.
478 2816 504 2861 in
525 2829 589 2862 suno
609 2816 655 2862 clo
705 2814 1110 2865 competitutilarthon
1139 2819 1219 2882 aa]

128 3043 182 3082 our
202 3026 309 3084 friends
329 3027 387 3084 and
408 3028 488 3086 allies
505 3047 554 3086 are
573 3036 604 3085 to
621 3030 658 3086 be
675 3033 857 3100 understood,
880 3040 931 3090 not
948 3035 1050 3109 simply
1065 3035 1147 3092 those
1167 3037 1235 3093 with

126 3110 221 3168 whom
234 3130 277 3168 we
291 3129 341 3169 are
363 3121 394 3170 st
411 3132 506 3187 peace,
529 3116 582 3170 but
599 3115 681 3172 those
701 3119 764 3173 who
784 3136 833 3175 are
847 3120 881 3175 oi
897 3137 949 3176 our
963 3128 1046 3194 party
1060 3123 1090 3177 in
1105 3122 1153 3178 the
1167 3141 1232 3179 war.

127 3196 221 3252 Thoee
235 3197 298 3254 who
312 3215 393 3255 come
413 3207 443 3255 to
462 3201 531 3256 suoh
547 3217 596 3256 are
613 3202 681 3267 sate,
695 3220 726 3258 as
747 3205 773 3258 il
785 3206 861 3277 they,
879 3224 945 3261 man
959 3224 993 3262 or
1006 3208 1096 3280 thing,
1110 3227 1189 3265 came
1205 3219 1235 3265 to

127 3280 204 3336 their
217 3298 279 3337 own
292 3285 404 3355 people.

128 3373 136 3436 j
184 3373 202 3420 2
226 3367 344 3439 Ooming
350 3385 455 3441 among
465 3370 546 3426 those
556 3372 619 3426 who
631 3390 679 3428 are
689 3374 820 3446 friendly,
829 3376 882 3431 but
892 3383 943 3431 not
954 3378 988 3431 ol
997 3377 1045 3432 the
1056 3395 1132 3432 samo
1144 3387 1235 3450 party,

128 3451 269 3524 prisoners
283 3455 317 3509 of
328 3472 385 3508 var
396 3456 433 3510 do
445 3462 496 3511 not
508 3457 616 3528 change
627 3459 702 3515 their
713 3461 865 3525 condition,
877 3469 977 3530 except
990 3462 1028 3531 by
1044 3463 1147 3531 special
1159 3480 1235 3517 com-

128 3543 204 3608 pact.
248 3537 288 3592 Αι
302 3539 332 3592 in
353 3539 402 3596 the
421 3542 526 3596 second
544 3542 644 3613 league
660 3544 743 3598 made
760 3545 887 3598 between
899 3544 948 3599 the
960 3545 1085 3598 Romans
1097 3547 1152 3600 and
1166 3547 1234 3600 Oar-

128 3620 297 3692 thaginians,
307 3624 331 3678 it
345 3642 400 3679 was
417 3626 520 3696 agreed
535 3627 598 3682 that
615 3628 695 3683 those
710 3629 744 3682 of
759 3629 807 3683 the
822 3627 945 3699 peoples,
959 3627 1066 3683 friends
1085 3629 1119 3683 of
1135 3631 1235 3696 Rome,

129 3705 192 3760 who
202 3723 276 3763 were
288 3709 373 3765 taken
384 3711 524 3782 prisonem
535 3712 575 3783 by
585 3712 635 3768 the
648 3713 869 3784 Carthaginiens,
880 3713 907 3767 ii
914 3713 982 3784 they
994 3730 1072 3769 came
1084 3716 1144 3771 into
1156 3724 1235 3788 ports

128 3791 238 3861 subject
251 3798 282 3846 to
295 3792 345 3850 the
356 3796 490 3860 Romans,
500 3797 591 3868 might
602 3798 685 3852 claim
697 3798 771 3854 their
782 3799 902 3872 liberty;
920 3799 976 3854 and
989 3800 1052 3855 that
1066 3800 1115 3856 the
1129 3803 1235 3858 friends

128 3875 163 3930 oi
179 3876 230 3932 the
244 3877 458 3951 carthaginians
483 3880 585 3936 should
601 3882 673 3939 hare
691 3901 709 3938 a
726 3884 783 3939 like
801 3885 885 3956 right.
932 3886 1086 3941 Thercfore
1103 3889 1184 3943 those
1206 3888 1239 3942 ot

128 3959 179 4016 dne
193 3963 318 4017 Romam
333 3966 363 4018 in
376 3965 425 4020 the
439 3968 543 4021 second
557 3968 648 4022 Punic
660 3986 724 4032 war,
738 3969 809 4034 who,
824 3971 908 4042 being
918 3972 1066 4041 prisonem,
1081 3989 1160 4026 camo
1175 3973 1235 4025 into

130 4045 239 4102 Greeoe
249 4063 288 4102 on
299 4049 476 4106 commercial
487 4051 607 4121 designa,
615 4051 670 4106 had
684 4059 734 4106 not
745 4053 826 4108 there
835 4055 884 4109 the
896 4054 971 4124 right
983 4055 1016 4109 of
1024 4056 1235 4125 postliminium,

129 4129 250 4188 boesm
270 4133 321 4188 the
337 4135 454 4200 Greeks,
468 4135 498 4190 in
518 4135 581 4189 that
602 4153 666 4199 war,
679 4136 737 4189 had
757 4138 843 4191 taken
862 4144 927 4207 part
947 4137 1015 4189 with
1032 4137 1143 4191 neither
1157 4138 1233 4191 side:

129 4214 187 4268 and
201 4216 344 4273 therefore
358 4220 381 4273 it
396 4237 451 4275 was
468 4236 616 4290 necessary
629 4218 676 4273 for
690 4218 769 4274 them
786 4226 816 4274 to
836 4221 873 4274 be
890 4220 1047 4280 ransomed,
1063 4222 1093 4274 in
1107 4221 1191 4274 order
1205 4227 1236 4275 to

129 4301 227 4371 regain
240 4301 316 4357 their
329 4303 439 4376 liberty.
484 4305 518 4359 In
532 4306 641 4360 Homer
661 4311 709 4359 too
724 4321 766 4359 we
784 4320 832 4359 soe
849 4304 989 4375 prisoners
1008 4303 1042 4358 of
1058 4321 1116 4359 war
1129 4306 1191 4361 sold
1206 4308 1235 4360 in

128 4385 241 4442 must
256 4386 360 4460 pisces,
374 4404 405 4444 as
418 4389 542 4460 Lycaon,
556 4390 634 4445 Iliad
643 4405 692 4445 rx.
709 4389 912 4462 Eurymedusa,
929 4387 1039 4460 Odyssea
1050 4404 1112 4447 vm.
