2986 5048
264 285 329 349 246
385 292 739 350 TEMPERAMENTUM
761 293 876 348 CIRCA
897 291 1175 349 VASTATIONEM
1223 287 1298 363 [hm.
1312 293 1369 349 Ill.

265 479 359 533 senus,
387 480 541 543 nunqnam
573 459 617 522 ab
645 458 788 522 ltostibus
811 459 896 542 ipsis
920 458 1168 523 beneolentiam
1195 459 1367 544 captabat.

264 553 330 623 tDe
359 556 485 636 Quintio
508 564 540 622 et
566 555 620 641 qui
644 577 714 621 cum
739 577 776 622 eo
799 564 890 623 erant
914 555 1064 621 Romanis
1086 556 1273 622 Plutarchus
1298 578 1372 622 eum

144 699 148 708 ·
199 679 219 707 ¹>-
264 679 334 745 quse
363 677 458 743 supra
486 653 620 720 diximus
647 662 924 732 commemorasset,
949 654 1058 721 addit:
1083 655 1179 739 hujus
1204 658 1372 723 neodestia

215 745 220 754 ’
263 779 331 823 non
347 758 448 821 multo
457 767 533 840 post
541 757 700 838 fructum
717 757 837 842 cepisse
845 779 859 831 ;
875 778 954 820 nant
968 767 1005 820 ιιι
1022 756 1059 820 in
1078 756 1286 822 munitam
1293 778 1372 841 per-

263 865 388 923 uentum
406 867 462 932 est,
481 856 663 937 deficerent
679 857 726 918 ad
742 878 813 920 eum
830 857 929 920 urbes.
963 858 1050 919 Turn
1065 876 1139 920 uero
1155 867 1186 920 et
1202 857 1260 938 qui
1275 856 1371 921 intra

270 954 505 1040 Thermopylas
527 955 722 1017 babitabant
749 956 861 1020 Groeci
880 954 1051 1030 Quintium
1072 954 1262 1020 ardentibus
1283 957 1374 1021 votis

264 1054 516 1120 desiderabant:
552 1053 667 1117 Achai
695 1072 778 1133 vero,
806 1055 997 1119 renuntiata
1026 1053 1178 1139 Philippi
1203 1055 1372 1130 amicitia,

263 1155 445 1219 societatem
469 1152 625 1216 aduersu
645 1172 717 1216 eum
738 1173 811 1217 οιιοι
832 1153 993 1218 Romanis
1010 1154 1165 1217 inierunt.
1220 1150 1272 1217 De
1293 1151 1372 1217 Lin-

263 1273 379 1339 gonum
396 1250 521 1316 civitate
534 1270 604 1336 quoe
621 1247 713 1325 bello,
731 1250 815 1335 quod
827 1250 922 1317 ductu
936 1249 1082 1327 Cerealis,
1100 1248 1245 1337 auspiciis
1261 1256 1370 1316 nutem

264 1349 444 1426 Domitiani,
466 1347 647 1414 incivilem
666 1349 821 1415 Batavum
843 1349 971 1437 ejusque
992 1349 1089 1415 socios
1108 1350 1291 1437 gerebatur,
1312 1370 1371 1435 po-

264 1448 453 1535 pulationem
475 1446 674 1512 formidatum
695 1455 849 1526 evaserat,
875 1447 918 1513 sic
943 1456 1053 1514 narrat
1073 1447 1252 1523 Frontinus,
1278 1451 1373 1530 qnod

264 1560 377 1614 contra
390 1549 657 1634 exspectationem
673 1548 838 1613 inviotata
853 1548 944 1613 nibil
954 1570 992 1613 ec
1003 1548 1101 1613 rebus
1117 1549 1188 1613 suis
1200 1549 1370 1625 annuant,

264 1651 311 1713 ad
335 1648 519 1734 obsequium
540 1647 676 1712 reducta
701 1648 912 1732 septuaqinta
936 1647 1045 1712 millia
1067 1657 1272 1713 armatorum
1298 1657 1373 1711 tra-

263 1748 352 1813 didit
377 1749 416 1813 ei.

331 1849 352 1910 3
384 1842 526 1911 Consiliis
542 1842 706 1909 contrariis
722 1842 869 1910 contrarii
885 1865 1009 1932 quoque
1023 1852 1173 1910 eventus:
1191 1843 1372 1930 exemplum

99 1949 210 1991 Μή
220 1952 249 1991 ³2
264 1945 319 2011 dat
336 1943 442 2009 Livius
457 1943 491 2008 in
507 1942 680 2008 Annibale:
704 1946 856 2028 Praceps
876 1947 914 2009 in
936 1945 1118 2009 auaritiam
1135 1956 1165 2009 et
1187 1944 1371 2010 crudelita-

266 2058 327 2111 tem
350 2044 490 2120 animus,
516 2046 563 2107 ad
583 2043 762 2130 spolianda
784 2065 856 2129 qua
881 2044 968 2108 tueri
989 2044 1149 2128 nequibat,
1172 2055 1208 2107 ut
1232 2054 1374 2108 vastata

264 2145 350 2209 besti
371 2143 636 2225 relinquerentur,
658 2143 843 2208 inclinauit.
889 2144 933 2206 Id
946 2143 1077 2227 fadum
1099 2142 1273 2207 consilium
1294 2162 1373 2206 cum

264 2245 390 2325 incepto
412 2254 479 2305 tum
499 2241 599 2305 etiam
621 2243 710 2304 auita
724 2244 825 2325 suit:
849 2262 949 2326 neque
969 2242 1052 2306 enirn
1076 2241 1220 2325 indiqna
1238 2242 1372 2325 patien-

265 2342 350 2405 tium
381 2341 475 2403 modo
504 2337 780 2403 abalienabantur
810 2342 925 2416 animi,
952 2341 1008 2405 sed
1038 2351 1213 2405 ceterorum
1242 2340 1369 2404 etiam:

264 2439 381 2523 quippe
398 2439 445 2500 ad
453 2435 569 2522 piures
584 2437 761 2520 exemplum
778 2460 875 2522 quarn
893 2439 1070 2504 calamitas
1080 2439 1291 2522 pertinebat

99 2544 228 2632 aaa&
333 2540 355 2600 4
388 2533 590 2600 Verissimum
608 2542 712 2599 autem
734 2537 843 2615 sentio,
862 2537 946 2623 quod
966 2559 987 2602 a
1007 2535 1161 2624 theologis
1183 2534 1370 2621 quibusdum

99 2602 244 2728 m&
265 2641 405 2701 notatum
422 2642 480 2710 est,
497 2642 531 2700 et
547 2653 735 2699 summarum
752 2642 943 2748 potestatum
966 2643 999 2748 et
1015 2635 1127 2700 ducum
1144 2633 1371 2748 quiUOhristia-

264 2756 322 2800 nos
343 2756 377 2801 se
394 2741 463 2800 eta
484 2733 554 2798 Deo
571 2741 604 2799 et
618 2732 659 2798 ab
680 2733 854 2800 hommubus
875 2733 986 2800 habers
1002 2733 1112 2799 volunt
1134 2734 1265 2799 officium
1289 2754 1368 2810 esse,

265 2833 408 2901 violentis
423 2832 547 2899 urbium
564 2831 790 2918 direptionibus
806 2840 839 2900 et
856 2832 882 2898 si
899 2832 974 2920 quid
990 2831 1040 2897 his
1056 2830 1155 2897 similo
1171 2841 1220 2898 est
1236 2831 1371 2898 interce-

264 2932 350 3010 dere,
368 2939 404 2998 ut
419 2953 489 3019 queo
503 2930 591 2996 abire
607 2951 669 2996 non
687 2931 805 3018 possint
819 2931 885 2998 sine
897 2929 1081 3021 gravissimo
1096 2931 1264 2997 multorum
1280 2929 1370 2995 inuo-

309 3103 371 3148 ¹Ds
389 3098 498 3161 Quirdio]
523 3099 618 3159 Nempe
639 3100 669 3146 Τ.
690 3100 791 3155 Quintio
841 3101 940 3162 ἔνορκον
959 3100 988 3157 ἦν
1011 3105 1069 3148 τοῖς
1090 3100 1214 3161 ἄρχαίοις,
1237 3100 1373 3159 Μηδεμῖαν

264 3175 392 3222 Flaminio.
841 3175 920 3222 πόλιν
933 3173 985 3221 τῶν
1001 3174 1209 3235 Ἀμφικτυονίδων
1221 3172 1370 3221 ἀνάστατον

309 3249 321 3277 ⁴
345 3248 423 3295 'restis
449 3251 487 3294 est
505 3248 666 3295 AEscnmus:
693 3248 735 3295 'lto
754 3249 792 3295 ate
842 3247 965 3308 ποιήσειν,
990 3247 1033 3297 &a
1074 3249 1144 3297 Oret.
1164 3249 1195 3295 de
1214 3249 1277 3295 mals
1301 3249 1370 3297 obita

265 3493 361 3551 others
375 3511 455 3550 cume
469 3510 537 3550 over
550 3500 580 3550 to
599 3494 687 3550 them.
726 3495 788 3550 The
802 3495 860 3567 city
878 3495 911 3549 of
926 3494 976 3550 tho
995 3494 1146 3565 Lingones,
1160 3494 1245 3549 uniet
1258 3495 1371 3564 acaped

265 3582 306 3636 ιιι
320 3583 505 3653 apprehendat
518 3599 618 3652 rauaqe
632 3583 662 3635 in
673 3582 714 3636 ιιι
727 3600 789 3635 war
803 3582 911 3652 aqainst
928 3581 1028 3645 Civilis,
1042 3597 1099 3634 was
1113 3581 1227 3635 reduced
1240 3589 1267 3633 to
1281 3581 1370 3634 abedi-

265 3684 332 3730 enee,
343 3669 402 3721 and
411 3668 534 3738 supplied
545 3677 648 3737 sennty
662 3668 796 3722 ιιοιιοιιᾶ
806 3668 901 3722 arned
914 3684 992 3727 nien,-
1013 3682 1044 3721 as
1058 3665 1212 3719 Frontinus
1225 3664 1338 3719 relatos.

319 3755 336 3803 3
359 3751 420 3805 The
435 3752 563 3821 opposite
578 3769 661 3806 cause
676 3752 753 3808 lends
769 3757 799 3807 to
817 3769 855 3806 nn
869 3753 997 3823 opposite
1011 3751 1108 3806 result.
1153 3751 1225 3820 Livy
1238 3750 1316 3820 gives
1330 3767 1369 3806 an

266 3833 394 3903 example
408 3835 438 3886 in
454 3835 586 3897 Annibal,
601 3836 683 3889 when
702 3837 739 3890 ho
757 3837 923 3892 committed
940 3852 1042 3907 ravage
1059 3837 1090 3890 in
1108 3835 1152 3891 his
1173 3841 1289 3900 retreat,
1310 3836 1369 3890 and

264 3917 406 3973 alienated
421 3918 469 3972 the
484 3919 585 3985 miuds,
604 3919 676 3974 both
697 3921 730 3975 of
750 3921 831 3977 those
853 3922 916 3978 who
936 3922 1067 3986 suffered,
1082 3921 1140 3976 und
1157 3920 1191 3976 of
1208 3919 1290 3977 those
1304 3920 1369 3977 who

265 4003 370 4059 lamed.

316 4096 334 4144 4
355 4090 383 4144 It
398 4091 421 4145 is
436 4090 495 4145 also
509 4097 583 4146 most
597 4096 671 4158 true,
688 4109 719 4148 as
736 4109 814 4148 some
831 4092 1007 4165 theologicus
1022 4094 1094 4148 hese
1112 4092 1210 4157 noted,
1227 4090 1291 4146 that
1304 4091 1368 4146 itis

263 4176 314 4231 the
328 4176 399 4248 duty
410 4176 443 4231 of
455 4177 544 4232 rulers
559 4179 615 4232 and
626 4179 745 4243 leaders,
754 4179 817 4235 who
828 4180 897 4234 wlsh
911 4186 942 4235 to
956 4179 993 4234 bo
1007 4178 1148 4234 reckoued
1161 4177 1317 4233 christinus
1328 4176 1368 4247 by

265 4263 329 4317 God
344 4263 400 4317 end
414 4264 452 4334 by
466 4280 540 4329 mon,
555 4270 585 4319 to
599 4266 710 4320 obstain
727 4265 802 4320 from
822 4266 959 4336 storming
977 4265 1010 4320 of
1030 4264 1117 4328 citios,
1138 4263 1195 4317 and
1210 4260 1293 4317 other
1307 4261 1368 4318 like

263 4347 369 4402 violant
382 4349 581 4420 proceedings;
597 4350 688 4406 which
703 4356 807 4406 cannot
821 4352 887 4406 take
902 4351 991 4421 place,
1006 4350 1124 4404 without
1137 4354 1219 4419 green
1233 4347 1368 4418 calumity

263 4435 294 4487 ιο
309 4449 394 4503 many
405 4435 539 4488 innocent
549 4451 674 4506 persons,
691 4435 748 4490 and
759 4436 839 4491 often
857 4436 894 4491 do
908 4435 983 4491 little
997 4441 1028 4491 to
1042 4441 1172 4507 promotu
1186 4433 1236 4489 the
1250 4432 1322 4488 euds
1337 4431 1372 4488 of
