2986 5048
121 302 191 358 Cur.
205 301 303 370 xlia]
347 304 700 361 TEMPERAMENTUM
723 304 836 360 cluet
858 306 932 362 RES
955 306 1109 361 carrha.
1160 298 1223 363 249

191 471 212 533 2
249 470 328 534 Cum
348 477 452 534 autem
468 468 575 534 deberi
592 468 710 555 aliquid
726 470 814 535 nobis
834 470 939 557 possit,
957 480 1013 537 aut
1030 472 1070 536 ob
1088 471 1223 557 inaequa-

120 566 243 633 litatem
258 589 373 645 rerum,
392 562 468 633 baut
485 589 523 633 ex
540 590 642 654 poena,
660 577 764 655 potest
786 591 827 634 ex
844 579 977 654 utraque
994 592 1087 636 causa
1103 569 1221 658 acquiri
1234 587 1384 674 ogmar·-

120 688 171 730 res
188 667 317 743 hostilia,
336 668 391 732 sed
408 690 477 732 cum
495 667 670 743 discrimine
685 677 810 732 tamen:
826 690 897 733 nam
915 690 1010 755 supra
1025 669 1169 751 diximus,
1182 692 1221 734 ex
1233 644 1356 764 {zm

121 765 227 830 debito
244 765 296 831 illo
319 766 423 851 priore
444 788 506 830 non
527 787 578 830 rea
601 774 721 831 tantum
741 766 882 833 debentia
899 768 954 832 sed
977 777 1009 833 ct
1029 768 1223 834 subditorum
1234 772 1254 809 ⁰¹·
1264 781 1280 809 θ’
1288 755 1365 819 W*

1203 867 1209 880 .
1235 817 1377 901 ιιιιι·ι

121 863 188 949 ejus
213 885 253 929 ex
279 864 455 930 introducto
480 863 553 950 jure
578 864 718 952 gentium
744 864 833 951 quasi
862 866 1056 952 fidejussione
1081 867 1220 955 obligari.
1234 908 1306 947 m,
1336 914 1372 947 a

123 962 216 1041 Quod
237 963 360 1051 quidem
383 964 436 1051 jue
465 963 604 1050 gentium
630 963 758 1028 alterius
787 965 911 1051 generis
938 966 1101 1046 oredimus,
1130 989 1222 1052 quam
1236 953 1377 1039 il'dielim

121 1061 198 1126 illud
222 1063 306 1149 quod
328 1063 362 1127 in
384 1062 568 1149 impunitate
587 1060 654 1127 sola
672 1071 728 1128 aut
748 1071 883 1129 externa
904 1063 935 1128 vi
945 1064 1133 1151 judiciorum
1153 1046 1339 1131 con-‘'¹⁸¹³'¹¹⁷'

121 1160 211 1228 sistit.
262 1162 344 1226 Nam
367 1161 446 1227 sicut
465 1161 498 1225 in
512 1182 563 1225 res
580 1169 712 1240 nostras,
734 1183 775 1226 ex
791 1183 940 1228 consensu
962 1164 1085 1249 privato
1106 1173 1222 1242 nostro,

121 1258 150 1324 ei
168 1259 289 1345 quicum
306 1268 408 1326 actum
426 1268 483 1336 eat,
500 1281 562 1323 non
580 1268 742 1325 externum
759 1261 861 1336 modo,
884 1262 939 1326 aed
957 1273 989 1327 et
1003 1262 1159 1329 internum
1171 1263 1225 1349 jus

122 1358 283 1443 quaritur,
300 1358 391 1425 sicet
406 1381 448 1424 ex
465 1358 618 1423 communi
635 1359 769 1443 quodam
786 1381 945 1437 consensu,
963 1361 1015 1446 qui
1033 1361 1225 1449 singulorum

123 1476 304 1521 consensum
327 1457 358 1522 vi
379 1457 513 1545 quadem
535 1457 566 1521 in
591 1479 625 1522 ee
650 1457 795 1532 continet,
820 1480 880 1543 quo
906 1481 997 1523 sensu
1023 1459 1073 1524 lex
1095 1457 1224 1534 πόλεως

123 1550 264 1636 συνθήκη
282 1554 380 1637 κοινῆ,
398 1559 590 1623 Ιοοονιιηιιιιὶο
602 1559 717 1641 pactio
734 1559 882 1623 civitatis
896 1558 1018 1625 dicitur.
1070 1560 1174 1646 Atque
1191 1560 1225 1625 id

121 1654 154 1718 in
181 1654 240 1719 hoc
264 1656 382 1743 negotii
408 1678 525 1744 genere
550 1655 701 1741 placuisse
727 1655 874 1743 gentibus
900 1679 937 1721 co
965 1666 1013 1723 est
1038 1658 1223 1735 credibilius,

122 1752 195 1840 quia
210 1754 345 1819 haclea
365 1756 505 1843 gentium
526 1775 588 1818 non
606 1754 721 1818 ΞοοΙιιιιι
744 1754 869 1839 majoris
890 1755 963 1820 mali
981 1756 1100 1822 vitandi
1122 1779 1223 1834 cauea,

121 1851 176 1927 sed
195 1853 288 1918 etiam
300 1852 382 1939 juria
399 1854 509 1938 cuique
525 1853 573 1917 sui
593 1853 799 1939 consequendi
816 1854 920 1942 gratia
934 1854 1112 1921 introducta
1129 1864 1186 1922 est.

194 1952 237 2016 ll.
282 1954 327 2017 At
349 1952 382 2017 in
406 1953 505 2017 altero
531 1951 665 2016 debendi
689 1973 805 2039 genere
830 1953 913 2038 quod
936 1954 1057 2039 poenale
1082 1963 1139 2031 est,
1162 1977 1225 2020 non

121 2049 211 2115 video
227 2052 366 2139 gentium
384 2073 532 2116 consensu
549 2050 612 2116 tale
628 2049 681 2136 jus
703 2050 736 2114 in
758 2073 808 2115 res
827 2052 1020 2117 subditorum
1038 2075 1105 2119 esse
1122 2054 1225 2140 prodi-

121 2158 208 2214 tum:
236 2150 342 2215 odiosa
358 2150 439 2215 enim
456 2158 503 2215 est
518 2150 589 2215 talia
605 2171 711 2214 rerum
728 2150 898 2216 alienarum
916 2151 1074 2240 obligatio,
1093 2152 1225 2240 ideoque

120 2248 214 2313 latius
230 2249 358 2335 produci
380 2271 441 2314 non
463 2249 556 2314 dobct
575 2270 668 2336 quam
691 2258 793 2314 actum
813 2260 973 2336 appareat.
1020 2253 1132 2336 Neque
1149 2274 1224 2317 vero

121 2366 180 2433 par
198 2356 245 2413 est
262 2349 378 2413 utilitas
399 2348 431 2413 in
453 2347 624 2435 posteriore
640 2347 699 2413 hoc
716 2356 748 2412 et
768 2348 921 2435 inpriore
938 2349 1071 2415 debendi
1087 2372 1223 2439 genere:

167 2518 178 2546 ²
203 2518 293 2566 Omnes
313 2520 446 2575 Editionea,
470 2522 542 2567 etiarn
562 2522 648 2581 prima,
698 2523 762 2581 quod
777 2524 848 2569 etiam
863 2529 932 2569 extra
951 2539 1003 2570 eona
1023 2525 1057 2570 ed
1075 2528 1223 2573 securitatem

123 2594 213 2640 habent
230 2595 282 2640 heic
298 2595 358 2652 ecla,
380 2610 434 2655 quar
455 2610 501 2641 vox
521 2596 649 2641 manifesto
697 2608 873 2642 necessaium
886 2613 923 2645 ree
931 2605 1030 2656 pereunt
1040 2600 1139 2645 detineri
1145 2617 1155 2655 ,·
1171 2615 1223 2660 pro,

87 2691 93 2699 ·
122 2669 237 2713 mendosa
261 2674 306 2717 est.
344 2670 490 2715 Mutarintus
515 2670 597 2729 igitur,
622 2676 649 2715 ut
697 2672 732 2716 ad
747 2672 895 2718 securitatem
912 2686 1074 2719 recesserim
1093 2688 1145 2720 ree:
1170 2689 1224 2733 quoe

121 2756 205 2788 senene
214 2745 359 2802 postulabat,
368 2745 567 2803 quemadmodum
578 2750 603 2790 et
611 2745 648 2789 in·
697 2746 785 2791 menda
804 2760 819 2790 a
834 2748 928 2792 nemine
948 2748 1118 2804 animadversa,
1137 2750 1224 2795 mirum

122 2817 166 2862 itio
177 2817 277 2877 Capitis,
292 2820 333 2863 uhi
344 2820 416 2864 etiam
427 2819 451 2863 ln
463 2820 573 2865 omnibus
588 2821 647 2865 Edi·
697 2833 754 2866 eane
765 2823 810 2865 est.
840 2820 868 2865 J.
879 2822 912 2865 B.

123 2888 228 2934 tionibus
250 2889 365 2935 hactenus
388 2890 527 2949 legebatur:
554 2896 648 2949 excepto

122 3136 189 3190 Law
210 3136 243 3190 ot'
261 3137 390 3203 Natione‚
407 3155 437 3193 ae
458 3140 548 3194 under
566 3157 584 3195 a
603 3140 672 3196 kind
689 3143 723 3197 of
736 3141 902 3214 auretyahip.
949 3142 1014 3198 And
1034 3144 1090 3201 thia
1103 3147 1170 3200 Law
1192 3148 1225 3202 oi

122 3222 243 3276 Natione
255 3240 296 3278 we
305 3223 372 3277 hold
385 3229 414 3278 to
426 3226 462 3280 bc
475 3226 508 3280 oi
514 3227 634 3282 another
644 3228 713 3282 kind
724 3229 798 3283 from
809 3229 872 3284 that
884 3229 972 3284 which
983 3233 1100 3287 consiste
1112 3234 1179 3304 only
1191 3236 1221 3288 in

123 3308 270 3377 impunity,
285 3325 318 3362 or
331 3309 380 3364 the
392 3312 566 3383 compulsion
581 3313 614 3367 of
626 3314 772 3369 tribunale.
808 3316 873 3379 For,
891 3333 921 3370 aa
936 3315 973 3369 he
990 3317 1057 3371 with
1073 3318 1164 3373 whom
1180 3336 1221 3374 we

124 3392 196 3455 deal,
209 3393 285 3459 does,
295 3395 333 3466 by
345 3413 398 3450 our
412 3399 520 3469 privata
529 3407 654 3464 consent,
668 3402 790 3470 acquire,
804 3408 855 3455 not
870 3401 936 3471 only
950 3417 987 3454 an
1002 3404 1128 3456 externa]
1145 3404 1221 3474 right

123 3484 153 3531 to
168 3494 220 3532 our
234 3486 376 3551 property,
389 3482 442 3537 but
456 3500 494 3537 an
508 3485 630 3538 inter-nal
644 3484 703 3539 also
711 3505 719 3548 ;
737 3502 768 3539 ao
780 3485 839 3539 also
854 3486 878 3538 is
892 3485 960 3538 such
972 3502 990 3538 a
1002 3486 1077 3556 right
1088 3488 1222 3558 acquired

122 3563 195 3617 from
210 3566 311 3618 ahiud
325 3567 358 3619 oi
369 3583 499 3622 common
511 3575 628 3623 consent
642 3568 732 3623 which
744 3570 872 3624 contains
887 3570 916 3621 in
928 3569 1008 3623 itaelf
1019 3571 1056 3640 by
1068 3587 1085 3624 a
1096 3573 1222 3643 poculiar

122 3649 199 3702 force
218 3649 267 3702 tha
286 3660 403 3705 consent
418 3652 451 3705 oi
464 3654 648 3717 individuala3
666 3654 696 3706 in
710 3653 800 3707 which
820 3671 908 3717 sense,
930 3654 980 3709 the
1002 3655 1070 3709 Law
1091 3658 1114 3711 is
1131 3657 1221 3712 called

124 3734 164 3784 the
180 3732 308 3785 Common
321 3735 393 3789 Poct
404 3738 441 3806 os
452 3739 493 3791 the
508 3738 591 3792 State.
616 3738 679 3792 nnn
694 3739 756 3793 that
772 3739 840 3793 such
852 3757 888 3793 an
898 3741 1094 3811 appointment
1106 3760 1161 3798 waa
1176 3746 1220 3797 in·

124 3815 229 3869 tendcd
242 3818 281 3888 by
292 3820 411 3885 natione,
424 3824 452 3875 in
467 3823 523 3878 thia
535 3840 606 3887 case,
618 3825 641 3878 is
654 3824 702 3879 tha
717 3842 796 3880 more
804 3827 949 3896 probablo,
961 3828 1106 3883 inaemuch
1121 3847 1152 3884 aa
1164 3831 1221 3885 thie

124 3903 190 3954 Lau
209 3902 241 3955 of
256 3904 377 3960 Nationa
392 3908 415 3961 ia
430 3909 605 3975 introduced,
620 3917 672 3965 not
687 3912 754 3983 only
774 3912 820 3966 ior
840 3912 889 3967 the
911 3914 979 3967 sake
997 3914 1030 3968 of
1050 3916 1181 3986 avoiding
1202 3933 1221 3970 a

123 3992 235 4059 greater
250 3989 312 4052 evil,
328 3990 379 4044 but
394 3993 423 4044 in
438 3994 521 4047 order
535 3995 598 4049 that
613 3996 682 4050 each
697 4013 752 4052 oue
763 4014 829 4068 may
843 3999 940 4052 obtain
954 3998 997 4052 hia
1013 4016 1075 4053 own
1089 4002 1175 4071 right.

177 4073 214 4126 Il.
252 4075 309 4128 But
329 4076 358 4129 in
381 4076 430 4129 the
453 4077 535 4131 othor
556 4080 625 4131 kind
644 4080 676 4134 oi
696 4081 773 4145 debt,
789 4082 879 4136 which
899 4084 923 4135 ie
944 4082 1012 4137 dcbt
1026 4085 1221 4155 nepenalty,1

125 4159 161 4211 do
179 4168 230 4213 not
252 4176 299 4214 sec
318 4160 382 4215 that
399 4161 469 4215 such
487 4179 504 4215 a
521 4163 597 4232 right
611 4179 678 4217 over
694 4163 743 4219 tha
758 4175 893 4236 property
911 4166 944 4219 of
962 4167 1084 4235 subjecta
1105 4169 1128 4221 ia
1147 4176 1221 4222 esta-

123 4243 233 4297 blished
248 4245 286 4316 by
301 4245 349 4300 the
365 4248 430 4299 Lau
445 4247 478 4301 of
490 4248 620 4301 Natione.
657 4248 714 4301 For
728 4250 797 4303 euch
812 4266 849 4302 an
865 4250 1028 4319 obligation,
1042 4252 1168 4321 impoacd
1184 4270 1222 4307 on

124 4329 173 4384 the
188 4337 323 4403 property
336 4333 368 4386 oi
379 4332 507 4397 another,
518 4334 541 4388 is
553 4349 589 4387 an
604 4332 703 4388 odious
716 4334 787 4399 rule,
801 4334 856 4388 and
869 4334 1011 4389 therefore
1024 4336 1112 4407 ought
1126 4344 1177 4392 not
1191 4346 1222 4393 to

124 4416 160 4470 be
175 4418 283 4473 carried
301 4418 413 4474 further
431 4419 501 4474 than
522 4420 544 4475 it
558 4435 678 4492 appears
695 4426 725 4476 to
740 4421 777 4477 be
794 4421 917 4493 actually
931 4421 1048 4488 settled3
1064 4438 1117 4478 nor
1135 4424 1158 4479 is
1173 4425 1223 4480 the
