2986 5048
277 273 318 342 72
449 282 501 335 DE
524 281 622 336 iuna
645 278 939 334 INTERFICIENDI
962 277 1110 332 HOSTES
1133 278 1175 331 IN
1232 267 1310 351 [Lra.
1328 278 1386 333 111.

275 445 489 524 matrimoni03
524 454 559 511 ut
591 454 676 511 reete
706 445 786 510 liano
818 442 1018 529 quaestionem
1051 441 1185 529 explieat
1216 442 1387 511 cClemens

275 545 514 613 Alexandrinus.
567 545 761 611 Christianus
784 543 895 630 conjux
915 535 1088 630 dpaganam
1110 542 1272 632 conjugem
1297 543 1385 610 lioite

109 667 233 708 ιιινοινιιι
275 645 451 731 relinquere
473 653 585 733 potest,
612 655 648 712 ut
664 644 760 709 sensit
782 642 982 732 Augustinus,
1007 641 1102 727 (quod
1119 642 1231 728 quibus
1248 641 1384 709 eircum-

110 717 124 753 ι
137 716 164 754 ω’
276 745 398 812 etantiis
420 768 529 811 verum
547 745 596 821 sit,
619 745 772 810 discutere
793 765 855 807 non
878 751 925 808 est
942 741 1033 827 hujus
1052 741 1124 825 1οοὶ)
1146 743 1251 808 sedet
1274 752 1385 829 potest

276 845 430 911 retinere:
456 845 561 931 itaque
578 844 666 910 addit
682 843 754 910 ille:
775 856 946 928 utriumque
962 843 1091 923 quidem
1100 844 1233 926 pariter
1250 843 1382 909 licitam

276 958 323 1011 eet
344 967 407 1030 per
428 947 598 1029 justitiam
627 967 699 1031 qaae
724 965 835 1009 eoram
865 944 1007 1007 Domino
1034 953 1101 1007 eat:
1127 954 1157 1006 et
1190 944 1262 1007 ideo
1292 945 1386 1010 nibil

276 1047 391 1111 boram
407 1046 558 1130 probibet
579 1046 750 1118 Dominus,
773 1044 829 1109 aed
850 1064 914 1106 ιιοιι
938 1053 1108 1122 atramque
1130 1044 1267 1126 expedit.
1322 1043 1384 1108 Ul·

276 1144 387 1229 pianus
412 1144 452 1209 de
473 1142 634 1208 venditore
659 1142 708 1207 eui
730 1150 800 1229 post
830 1141 910 1206 diem
937 1137 1144 1226 prestitutum
1170 1141 1274 1205 v'inum
1306 1141 1384 1209 lieet

114 1253 165 1292 aa
177 1251 248 1300 tica
277 1243 453 1310 effundere:
479 1246 511 1309 ai
528 1257 636 1310 tamen
652 1265 724 1309 eam
736 1253 844 1327 posset
866 1241 1034 1325 effundere,
1053 1261 1116 1305 ιιοιι
1132 1242 1280 1325 effundit,
1306 1243 1383 1307 laa-

112 1302 130 1336 n
150 1300 211 1337 D.‹ic

110 1347 259 1393 ΝΛΜ·-
277 1346 409 1410 dandae
425 1358 470 1410 eat
481 1346 604 1429 potius.

354 1445 375 1508 2
409 1443 515 1508 οΑΙίοο
532 1465 607 1509 vero
627 1441 722 1508 licere
741 1441 857 1527 aliquid
880 1440 1002 1518 dieitur,
1025 1463 1087 1506 non
1104 1441 1186 1527 quod
1210 1441 1296 1508 salva
1314 1442 1382 1530 pie-

277 1551 344 1610 tate
360 1552 393 1609 et
410 1543 575 1610 officiorum
598 1541 715 1631 regulis
732 1542 799 1606 fieri
819 1549 931 1628 potest,
958 1541 1012 1605 sed
1029 1540 1112 1627 quod
1133 1542 1216 1628 apud
1237 1542 1382 1608 homines

276 1665 376 1731 poena
401 1666 463 1710 non
480 1643 626 1730 suhjacet.
681 1641 733 1708 Sio
749 1642 832 1728 apud
854 1641 983 1728 populos
1006 1640 1118 1705 multos
1138 1641 1269 1707 scortari
1286 1641 1381 1709 lieet:

276 1744 360 1830 apud
377 1743 627 1810 Lacedaemonios
650 1750 682 1808 et
700 1741 873 1829 AEgyptios
894 1740 987 1806 etiam
1004 1738 1103 1805 furari
1121 1739 1242 1806 licebat.
1283 1742 1382 1828 Apud

112 1853 221 1895 tib-im
278 1844 501 1920 Quintilianum
519 1853 585 1909 est:
611 1855 686 1909 eunt
706 1844 856 1925 quaedam
880 1862 943 1906 ιιοιι
960 1841 1146 1905 laudabilia
1165 1853 1299 1916 natura,
1324 1846 1383 1909 aed

270 1943 348 2025 jare
369 1966 526 2020 concessa,
551 1955 588 2007 at
604 1946 641 2008 ιἰι
664 1962 723 2006 xri.
743 1942 873 2018 tabulis,
894 1941 1049 2006 debitoris
1068 1962 1183 2025 corpas
1203 1942 1289 2006 inter
1312 1965 1383 2009 ere·

111 1392 143 1432 ret
151 1392 209 1431 cesa.

277 2137 462 2198 chrysostomus
478 2136 509 2182 ad
525 2149 543 2183 1.
559 2135 615 2182 Cor.
632 2135 671 2180 rii.
691 2133 766 2193 (vers.
779 2134 801 2182 9.

275 2224 334 2271 pag.
344 2211 397 2257 359.
414 2211 484 2256 Tom.
497 2223 526 2257 ιι.
542 2209 592 2254 Ed.
603 2208 692 2267 Sauil.)
714 2207 803 2266 βελτί-

275 2303 318 2331 ονα
331 2285 439 2330 δείκνυσι
453 2284 500 2338 την
511 2282 671 2343 ἐγκράτειαν,
686 2282 803 2328 meliorem

275 2359 375 2406 ostendit
390 2360 562 2405 continentiam.
592 2358 633 2404 Ad
649 2359 720 2405 Rom.
731 2357 769 2402 vii
780 2356 801 2403 b.

276 2433 322 2495 κᾷν
342 2432 374 2494 pri
391 2433 532 2491 πειθώμεθα
550 2432 591 2479 «ai
608 2431 712 2491 γέενναν
730 2431 801 2486 ἠπεί-

276 2507 348 2566 λησε,
372 2508 465 2554 δεικνὺς
483 2507 524 2553 ὅτι
541 2509 568 2553 οὐ
589 2509 635 2562 τῆς
654 2507 803 2566 φιλοτιμίαι

274 2584 326 2629 τῶν
332 2582 518 2642 ἀγωνιζομένων
525 2581 558 2629 τιν’
566 2582 711 2643 ζητούμενα,
717 2580 803 2639 ὥσπερ

275 2656 290 2712 vl
301 2656 422 2717 ταρθενία
433 2657 474 2704 καὶ
483 2657 650 2717 α’κτημοτύνη,
659 2657 729 2703 ulid
739 2656 803 2703 πάν-

275 2749 326 2778 των
339 2731 406 2778 αὐτοὶ
418 2731 550 2788 vivacitatem
561 2733 606 2778 dei·
621 2731 668 2777 ttici
676 2730 803 2790 praeceptis

275 2809 410 2854 obediamus
424 2809 550 2870 pebenaam
559 2809 662 2853 minatus
671 2812 712 2862 eat,
726 2811 803 2852 acten-

276 2884 355 2945 dc'tque
367 2886 415 2931 bec
428 2900 478 2945 pua
490 2883 600 2944 postulat
611 2897 656 2928 non
670 2896 719 2928 esse
732 2897 760 2928 ca
770 2882 802 2927 iic

275 2974 328 3019 qua
347 2965 461 3006 certantes
480 2965 561 3019 suapte
580 2958 659 3004 stadio
680 2962 802 3017 prestant,

275 3034 360 3092 qualia
375 3039 429 3078 cunt
446 3034 573 3092 virqiaitae
592 3037 614 3078 ct
630 3032 802 3091 possessionum

274 3108 404 3161 abdicatio,
417 3108 460 3153 ced
468 3109 560 3153 omnino
570 3121 599 3153 ca
611 3108 690 3153 debera
700 3107 802 3167 impleri.

275 3182 347 3243 (Peg.
357 3182 394 3228 91.
410 3182 493 3227 eodem
509 3180 591 3240 Tam.)
623 3182 732 3228 Secunda
747 3195 801 3227 ora·

273 3257 340 3302 tione
350 3255 380 3302 de
388 3255 495 3316 jejunio:
509 3256 608 3314 ἀφῆκεν
618 3255 666 3316 ἔξω
677 3259 728 3304 τῶν
738 3274 802 3303 στο-

852 2149 905 2189 ται,
921 2131 962 2178 καὶ
975 2131 998 2177 ol
1013 2131 1047 2190 pri
1061 2131 1240 2191 κατορθοῦντεο
1253 2134 1300 2186 τῆς
1315 2150 1382 2195 συγ-

852 2206 951 2265 γνώμης
961 2206 1127 2253 ἀπολαύσωσι
1134 2207 1180 2252 τοῦ
1190 2207 1326 2253 δεσπότου·
1340 2222 1383 2254 ro-

852 2282 923 2342 ltqac't
936 2288 1004 2329 cetra
1021 2283 1109 2339 stadia,
1124 2282 1221 2342 reliquit
1237 2296 1313 2342 cupra
1328 2297 1383 2330 cer-

852 2357 920 2402 tandi
934 2357 1005 2418 lepore
1015 2357 1178 2403 continentiores
1191 2357 1338 2417 arpinatem,
1356 2365 1384 2406 ut

852 2437 874 2479 et
892 2433 934 2492 qai
947 2432 975 2477 c'cl
985 2438 1101 2492 praetant
1113 2433 1188 2478 animi
1202 2433 1240 2477 cai
1257 2434 1384 2481 attendant

851 2508 1040 2567 magnitudinem,
1049 2514 1070 2554 ct
1076 2508 1118 2568 qui
1127 2522 1172 2553 non
1177 2509 1383 2567 prestantiadal·

852 2583 932 2643 acatia
957 2583 1057 2629 Domini
1077 2583 1202 2642 fruantur.
1236 2583 1318 2642 (Tem.
1337 2597 1380 2632 vr.

853 2671 909 2717 pag.
920 2657 986 2717 833.)
1018 2658 1090 2712 Quod
1100 2672 1155 2703 mox
1169 2663 1238 2718 aptat
1252 2663 1278 2704 et
1292 2660 1324 2704 ed
1334 2659 1382 2706 α’κ-

852 2733 995 2792 τημοσύνην
1009 2734 1183 2794 possessionum
1196 2733 1382 2785 abdioationem.

854 2809 938 2869 Adjiee
950 2823 1003 2869 qua
1013 2809 1086 2855 habet
1098 2810 1227 2856 Gratianus
1238 2824 1267 2855 ex
1279 2812 1381 2871 Augus·

853 2885 904 2930 tino
914 2890 940 2932 et
949 2885 1001 2930 aliis
1012 2885 1035 2929 in
1046 2898 1117 2930 eausa
1128 2897 1182 2931 xiv.
1193 2884 1326 2944 quastione
1337 2889 1358 2931 1.

895 2967 905 2993 ⁶
922 2958 1026 3006 Clenwnc
1040 2960 1227 3018 Alexandrinae]
1243 2959 1381 3006 Stromaton

853 3046 890 3080 ιν.
904 3034 946 3079 ubi
961 3035 1025 3079 inter
1038 3034 1086 3079 alia
1103 3033 1133 3079 de
1150 3035 1265 3079 secundas
1281 3035 1380 3094 nuptias

851 3110 954 3154 faciente
968 3109 1016 3154 ait:
1030 3109 1104 3154 οὗτοι
1120 3110 1168 3168 οὐχ
1183 3108 1322 3168 ἁμαρτάνει
1333 3110 1380 3168 μὲν

852 3183 918 3229 κατ-α’
928 3182 1052 3237 διαθήκην.
1063 3185 1090 3227 οὐ
1101 3182 1151 3240 γάρ
1163 3183 1303 3229 κεκώλυται
1314 3185 1380 3243 πρὸς

850 3258 897 3304 τοῦ
913 3256 994 3314 νόμον.
1009 3257 1037 3301 οὐ
1051 3256 1147 3310 πληροῖ
1161 3255 1187 3299 δὲ
1202 3259 1248 3308 τῆς
1263 3259 1332 3304 κατα
1346 3261 1378 3305 τό

274 3331 341 3384 δίων,
361 3330 460 3391 ἀφῆκεν
480 3330 597 3391 ἀνωτέρω
623 3335 674 3379 τῶν
697 3331 801 3392 dydimo
851 3329 1002 3391 εὐαγγέλιον
1011 3328 1147 3374 πολιτεῖαι
1160 3327 1208 3382 ‘reia
1218 3330 1274 3375 κατ’
1286 3332 1377 3380 dorica.

273 3405 476 3464 τιίνπαρθενὶαν.
487 3407 527 3454 ‘loa
538 3406 609 3453 καλοὶ
621 3407 802 3467 κατορθοῦνται
851 3423 891 3452 σιν
908 3401 1070 3456 τελειότητα·
1086 3414 1132 3445 non
1143 3408 1227 3461 peccat
1244 3404 1265 3449 e'e
1284 3408 1377 3465 quidem

273 3482 321 3536 τιίν
336 3482 430 3529 οἰκείαν
445 3482 645 3543 μεγαλοψυχίαν
658 3481 800 3541 ἐπιδείξων·
850 3480 875 3526 tn
884 3477 980 3538 sadus:
998 3477 1143 3536 nequeenim
1156 3479 1207 3524 ulla
1224 3479 1262 3524 lec
1278 3487 1312 3527 eet
1327 3497 1377 3542 que

590 3626 642 3633 ...-
650 3625 728 3632 --.-.
742 3622 921 3631 -,-.-.-...
928 3621 1021 3627 ——.-
1033 3622 1063 3627 .-.

274 3743 344 3782 oneo
362 3728 428 3798 only
442 3728 466 3782 is
485 3728 593 3792 better3
612 3728 635 3780 it
650 3727 673 3779 is
687 3725 782 3778 luaiul
793 3724 839 3779 ior
852 3740 870 3776 a
888 3723 1028 3777 Christian
1045 3723 1173 3780 husband
1190 3732 1219 3781 to
1238 3726 1318 3782 leave
1332 3727 1376 3783 his

273 3827 365 3882 pagan
390 3811 455 3865 wife
481 3804 523 3883 (in
546 3813 652 3866 certain
679 3802 916 3883 circumstances),
937 3809 988 3864 but
1012 3810 1048 3865 ho
1072 3828 1136 3883 may
1159 3813 1231 3884 keep
1254 3812 1320 3868 her:
1345 3831 1376 3868 as

273 3897 430 3966 Augustino
444 3912 515 3967 says,
530 3895 600 3949 both
614 3912 663 3949 aro
678 3893 772 3948 lawiul
787 3895 885 3950 before
901 3896 973 3959 God,
993 3897 1044 3952 but
1060 3903 1110 3953 not
1124 3897 1199 3952 ulilee
1215 3899 1374 3970 expedient.

272 3983 378 4054 Ulpian
393 3999 464 4053 says,
481 3982 544 4035 that
561 3998 579 4035 a
592 3980 684 4042 uellet,
703 3980 777 4036 after
795 3980 844 4036 the
862 3982 917 4054 day
931 3983 1085 4056 appointed
1099 3984 1144 4038 ior
1159 3984 1312 4056 delivering
1327 3985 1376 4039 the

273 4071 353 4134 wine,
370 4086 435 4140 may
447 4068 487 4123 let
499 4069 521 4122 it
533 4085 587 4122 run
599 4084 693 4139 away3
710 4068 756 4123 bat
768 4069 866 4140 thonale
877 4071 907 4125 ba
920 4090 985 4142 may
997 4073 1057 4126 thas
1068 4071 1171 4135 abedit,
1185 4072 1253 4141 isba
1271 4073 1305 4126 do
1318 4081 1377 4135 etot,

272 4158 302 4212 be
314 4159 337 4210 ia
351 4159 443 4212 rather
455 4166 481 4211 to
496 4158 523 4210 be
533 4156 649 4228 praised.

330 4250 347 4296 2
373 4244 407 4298 In
426 4244 508 4299 other
522 4261 598 4299 cases
613 4260 630 4297 a
647 4242 729 4313 thing
743 4244 766 4298 is
778 4243 838 4298 said
853 4250 883 4299 to
901 4245 937 4300 bo
955 4243 1057 4308 lawful,
1072 4249 1122 4297 not
1138 4241 1227 4297 which
1240 4243 1262 4298 ie
1278 4259 1375 4314 agree-

271 4327 335 4381 able
357 4335 386 4383 to
401 4332 479 4402 pieiy
493 4331 549 4385 and
564 4331 642 4401 duty,
659 4329 711 4383 but
734 4331 822 4386 which
843 4331 867 4385 is
888 4337 939 4385 not
961 4330 1045 4385 liable
1059 4335 1089 4383 to
1107 4328 1296 4398 punishment.
1337 4330 1375 4383 So

271 4427 374 4482 among
394 4431 472 4470 sonre
486 4417 587 4487 peoplo
608 4416 777 4471 fornication
792 4418 824 4481 is,
838 4417 868 4470 in
889 4417 945 4472 this
959 4431 1048 4479 sense,
1067 4413 1161 4467 lanful
1170 4433 1178 4477 ;
1201 4415 1257 4469 and
1271 4432 1376 4486 among
