2986 5048
125 305 195 361 Gur.
209 302 276 372 xi]
348 304 645 361 INTERFIGIENDI
666 305 710 360 IN
731 304 856 362 BELLO
878 304 1009 361 JUSTO.
1167 300 1230 364 203

124 470 394 554 (immobilique
410 480 495 544 aaut,
512 470 633 554 quibua
648 470 808 553 iprtoeeue.
844 470 960 533 Locum
978 489 1053 533 sane
1068 469 1231 557 egregium

124 578 158 636 οι
173 591 245 636 usus
262 567 388 635 maximi
409 566 567 655 integrum
584 566 679 633 latine
700 567 801 654 posui,
824 568 898 655 quia
914 565 1015 633 minus
1035 577 1121 634 recte
1138 569 1229 649 verti,

124 668 258 755 ideoque
274 690 331 733 nec
348 666 425 733 satie
440 665 575 754 intelligi
590 665 678 733 solet.

200 771 222 835 ὅ
256 765 393 833 Michael
417 765 573 852 Ephesius
597 786 668 831 eum
689 762 790 831 locum
812 764 1032 852 interpretans,
1056 765 1124 853 ejus
1144 767 1230 853 quod

125 866 301 954 exspectari
312 887 375 932 non
391 862 503 952 potuit,
521 863 696 951 exemplum
708 864 796 951 ponit
808 863 900 942 ineo,
917 864 972 950 qui
988 866 1071 932 iores
1085 866 1229 953 aperiens
1242 886 1277 928 vu
1287 888 1334 928 na
1345 887 1375 927 ιι.

126 975 249 1054 patrem
272 964 362 1042 lasis,
383 963 493 1030 autin
518 963 585 1029 loeo
607 962 744 1030 solitario
765 962 932 1050 jaculando
950 986 986 1031 se
1007 985 1157 1030 exercens
1173 965 1230 1030 ali·

126 1087 219 1151 quem
234 1062 419 1132 vulneravit.
467 1061 553 1148 Ejus,
572 1063 655 1148 quod
672 1062 839 1150 praevideri
860 1062 970 1149 potuit,
989 1064 1045 1129 sed
1062 1063 1128 1129 eine
1146 1063 1228 1143 dolo,

125 1164 158 1229 in
175 1186 212 1231 eo
229 1163 282 1251 qui
295 1162 452 1251 jaculatus
468 1161 564 1227 estin
581 1161 634 1228 via
649 1161 781 1249 publica
836 1162 925 1227 Idem
947 1162 1080 1249 scriptor
1096 1164 1229 1229 necessi-

125 1263 199 1330 tatis
215 1262 392 1350 exemplum
407 1260 497 1349 ponit
511 1260 545 1326 in
561 1282 609 1339 eo,
626 1261 681 1346 qui
695 1260 779 1326 fame
795 1267 851 1326 aut
866 1260 918 1326 siti
934 1260 1083 1349 adigitur,
1099 1270 1136 1328 ιιι
1152 1262 1229 1348 quid

123 1361 238 1429 faciat:
263 1360 534 1450 perturbationum
557 1359 755 1435 naturalium,
786 1359 820 1424 in
846 1380 962 1435 amore,
988 1359 1106 1438 dolore,
1132 1368 1228 1429 metu.

125 1463 189 1527 Per
213 1460 422 1550 ignorantiam
447 1459 516 1525 ficri
541 1459 596 1537 ait,
623 1458 678 1525 ubi
702 1459 818 1525 iactum
842 1458 1017 1548 ignoretur,
1044 1467 1082 1525 ιιι
1107 1458 1134 1525 ei
1159 1459 1229 1546 quis

124 1559 287 1626 mulierem
304 1558 421 1625 nesciat
436 1566 576 1645 nuptam.
608 1557 659 1623 Ab
673 1557 838 1647 ignorante
853 1578 915 1622 non
932 1579 990 1645 per
1006 1557 1226 1646 ignorantiam,

124 1659 204 1725 ubi
189 1682 244 1746 Jus
260 1658 433 1748 ignoratur.
470 1658 496 1723 J
498 1680 534 1722 us
548 1656 679 1723 autem
669 1678 809 1746 ignorari
799 1655 982 1722 interdum
999 1656 1228 1733 excusabiliter,

124 1758 281 1825 interdum
314 1756 585 1824 inexcusabiliter:
617 1779 689 1842 quae
721 1778 790 1822 cum
817 1755 1114 1821 iurisconsultorum
1138 1755 1381 1865 difflssfflsssss,

124 1857 241 1945 optime
266 1865 451 1946 congruunt
503 1857 562 1922 Est
587 1855 726 1941 ejusdem
755 1854 842 1920 Arist
843 1854 932 1920 otelis
956 1854 1042 1921 locus
1066 1853 1139 1920 huic
1165 1875 1228 1920 non
1241 1864 1284 1912 tm

125 1955 280 2023 dissimilis
301 1956 382 2022 libro
404 1956 445 2021 de
465 1961 535 2021 arte
555 1954 710 2021 oratoria:
738 1956 881 2040 aquitae
905 1956 1057 2040 imperat,
1082 1975 1125 2021 ne
1145 1956 1350 2040 pericula

126 2058 193 2123 toco
214 2057 428 2123 Ῑιαὸοοιιιοε
413 2055 557 2138 injuriae
577 2066 608 2120 et
628 2056 753 2138 cuipas,
775 2075 874 2140 neque
892 2054 969 2118 item
989 2055 1105 2138 cuipnae
1128 2066 1159 2119 et
1179 2055 1229 2118 ira

114 2157 281 2240 fortunia,
327 2155 521 2239 Insertucia
539 2165 648 2220 autem
667 2165 753 2231 ιιιιιι,
775 2176 847 2239 quoe
869 2174 926 2219 ace
943 2155 1117 2238 provideri
1131 2164 1229 2239 potu·

124 2266 229 2331 eruat,
244 2276 301 2320 aec
315 2256 459 2338 improbo
471 2255 583 2319 animo
596 2255 838 2318 admittuntur:
853 2253 966 2337 οιιιριο,
981 2275 1051 2337 quoe
1057 2253 1231 2337 providas·

118 2364 307 2438 potuerant,
324 2374 388 2417 non
405 2365 513 2419 tamea
528 2354 674 2437 improbo
697 2354 808 2418 auimo
817 2353 926 2435 fluet.-
951 2352 1092 2435 injuriae,
1111 2373 1183 2438 quae
1199 2361 1231 2416 et

124 2453 287 2517 destinato
304 2463 335 2517 et
350 2453 461 2517 animo
483 2452 636 2536 improbo.
687 2450 764 2516 Tria
783 2449 851 2515 haec
869 2458 1018 2516 notarunt
1039 2460 1171 2528 veteres,
1194 2456 1229 2514 et

123 2548 157 2615 in
174 2549 228 2616 illo
245 2551 376 2617 Homeri
393 2571 485 2617 versu
501 2549 542 2615 de
558 2548 680 2615 Achille
694 2548 810 2614 Iliados
824 2558 1000 2635 postremo:

257 2674 323 2724 otu
336 2667 388 2742 γᾶρ
403 2667 458 2722 ἐστ’
472 2666 574 2740 ἄφρων,
589 2667 643 2722 οὔτ’
657 2665 782 2732 ἄσκοποι,
798 2665 851 2720 οὔτ’
864 2666 1003 2737 ἀλιτήμων.

255 2774 344 2827 Non
336 2789 434 2844 ignara
447 2772 498 2837 illi,
513 2773 587 2827 mele
601 2773 726 2844 provida,
740 2789 793 2826 nec
809 2771 885 2824 mala
898 2787 978 2826 mene
993 2778 1043 2827 eet

200 2872 221 2935 6
258 2869 373 2935 Similis
396 2874 444 2933 eet
466 2867 577 2933 divisio
600 2868 685 2955 apud
707 2867 921 2932 Marcianum:
949 2870 1153 2955 delinquitur
1168 2883 1294 2935 autur
1304 2890 1379 2945 §.2¹2

119 2971 299 3055 proposito,
325 2981 385 3034 aut
405 2968 540 3053 impetu,
567 2979 631 3032 cut
650 2989 750 3033 casu:
771 2967 940 3053 proposito
962 2969 1155 3056 delinquunt
1181 2939 1340 3033 lca-mu

124 3076 240 3146 trono,
258 3092 315 3153 quc
308 3068 506 3154 scottorum
521 3067 662 3131 babent:
687 3069 810 3153 impetu
828 3076 946 3143 autem,
965 3091 1038 3134 cum
1048 3090 1113 3154 per
1129 3069 1230 3135 ebrie·

126 3179 224 3233 tatem
239 3171 287 3233 eei
302 3187 420 3232 manue
437 3178 497 3231 aut
522 3169 568 3231 ad
576 3167 709 3251 serrum
725 3167 878 3231 vertitur:
903 3189 986 3234 casu
1001 3190 1085 3246 οονο,
1102 3190 1176 3234 cum
1192 3171 1230 3234 ic

123 3270 273 3333 uenando
295 3270 392 3332 telum
413 3266 450 3330 in
462 3266 577 3351 stram
601 3266 735 3331 mireum
760 3267 919 3332 bominem
938 3269 1110 3352 interficit.
1157 3268 1230 3332 Duo

124 3363 187 3441 illa,
205 3386 275 3452 quae
290 3364 449 3453 proposito
470 3374 503 3431 et
518 3363 638 3451 impetu
657 3363 747 3446 fiunt,
770 3365 853 3428 hunc
869 3365 902 3429 in
922 3366 1048 3431 modum
1066 3365 1230 3453 distinguit

127 3463 253 3529 Cicero:
283 3468 348 3531 Sed
369 3466 406 3530 ιἰι
425 3466 514 3529 omni
535 3464 701 3548 injustitia
714 3465 914 3546 permultum
934 3466 1076 3541 interest,
1102 3468 1231 3528 ‘utrum
1244 3477 1336 3528 Mtte·
1346 3477 1389 3517 ιι·

119 3565 367 3647 perturbatiore
383 3563 500 3646 aliqua
522 3565 638 3638 animi,
656 3584 728 3644 quoe
745 3562 935 3646 plerumque
951 3564 1057 3627 brevia
1073 3574 1120 3628 eet
1137 3563 1232 3628 etad

124 3724 185 3775 runt,
199 3719 249 3764 eice
258 3719 322 3778 quod
330 3720 480 3778 occupaverit
487 3734 527 3767 ece
535 3720 650 3781 ι’ᾳιιονωι·
703 3734 754 3780 quc
764 3720 903 3780 plerumque
918 3721 996 3768 breuia
1010 3725 1045 3769 eet
1057 3725 1080 3769 et
1088 3722 1123 3769 ed
1135 3727 1231 3784 ιειιιριιι,

125 3795 170 3849 tia,
178 3793 386 3852 dvepucdcblicio
393 3796 651 3855 superpartientique,
702 3797 850 3842 circumito
864 3798 1000 3857 “cogitate
1006 3798 1058 3857 fiat
1069 3797 1171 3857 injurio]
1187 3800 1232 3845 Se.

125 3867 164 3912 tis
183 3866 255 3911 etiam
272 3867 346 3924 ipsos,
365 3869 407 3927 qai
422 3868 488 3914 nata
507 3874 561 3915 aare
572 3869 651 3928 paesi,
703 3885 762 3917 neca
771 3870 800 3917 de
810 3870 856 3917 Ira
866 3884 884 3917 1.
896 3871 933 3919 16.
962 3871 1071 3917 Dimittit
1083 3886 1150 3931 cape,
1162 3873 1185 3919 ei
1195 3875 1231 3919 ιἰι-

124 3955 214 4001 equum
223 3944 258 3986 eet
267 3940 357 3986 nmium
366 3941 433 3990 dure.
461 3942 536 4002 (Gap.
545 3944 583 4003 u.)
702 3944 789 4004 telligit
798 3960 844 3991 nun
854 3960 883 3991 ea·
893 3945 943 3992 alto
952 3946 1032 3992 venire
1041 3947 1177 4005 nequitiam,
1190 3948 1233 3993 aad

169 4014 468 4074 ‘Utmmpmcroauom
476 4016 561 4075 aliqua
569 4018 652 4074 mimi,
701 4032 796 4075 ιιιιιιιιιο,
821 4020 886 4079 qued
909 4021 985 4076 uiuat,
1008 4020 1087 4067 ιιιιὺιιο
1110 4022 1232 4067 inherere.

125 4267 262 4323 Aristotle
276 4268 306 4323 in
320 4267 364 4323 hie
379 4266 514 4322 Rhetoric.
547 4263 612 4319 And
624 4264 674 4321 the
684 4266 812 4321 anciente
827 4271 913 4337 quote
924 4266 1033 4321 Homer
1046 4270 1077 4321 ιο
1090 4265 1141 4322 the
1154 4283 1231 4323 mmo

126 4355 243 4495 θίῖρὲιιι
258 4440 365 4496 similar
380 4437 499 4495 division
516 4438 540 4493 ie
550 4438 634 4510 giren
654 4437 684 4493 in
701 4436 837 4500 Marcian,
858 4437 892 4493 of
906 4437 1005 4495 delicte
1016 4439 1231 4512 propositaim·
