2986 5048
117 292 186 350 Gar.
201 288 259 364 X.],
406 294 526 349 FIUNT
548 295 592 350 IN
612 296 737 351 BELLO
758 297 931 354 INJUSTO.
1158 293 1216 355 l9l
1333 304 1334 307 ’

117 456 265 540 πόλεμον
292 450 441 529 iactatae
467 452 599 528 redicas
625 451 758 529 δικαίαν.
811 459 895 534 ὅλως
915 453 941 528 d’
964 453 1003 530 cd
1029 467 1130 555 φασι·
1155 461 1216 546 τὴν

117 555 191 650 ‘ydp
211 554 321 652 ἀρχὴν
345 551 517 653 ἐνδέχεται
542 556 588 640 μή
611 551 735 628 δικαίαν
757 561 837 628 εἶναι
864 563 931 628 τῶν
951 557 1118 642 πολέμων·
1142 566 1216 646 qui·

116 661 197 724 dam
213 661 418 744 respicientes
426 660 512 744 jacti
528 661 660 742 aliquid
677 652 790 743 (baem
805 672 836 725 ct
854 662 904 726 lac
912 663 1039 745 jactam
1056 664 1140 748 quid
1157 667 1215 749 eat)

109 758 238 842 picatam
264 780 330 824 eoae
357 761 454 824 aiant
479 761 665 825 servitutem
691 782 730 825 ac
758 760 859 835 bello;
884 773 922 826 ct
944 763 1072 826 omnino
1088 762 1216 845 justam

118 878 185 923 aesc
208 872 337 943 aspect,
361 861 491 941 quando
514 860 661 925 accidere
678 870 795 944 potest,
821 871 857 924 at
883 860 1008 944 injusto
1021 862 1132 945 fcerit
1154 862 1216 927 bel-

121 957 216 1021 leodi
241 979 353 1023 ccccc.
406 957 513 1024 Simile
538 966 586 1023 est
610 956 687 1022 illud
717 956 911 1046 Thucydidis
935 959 968 1024 in
996 959 1216 1027 Thebanorum
1227 975 1351 1016 nautea

120 1056 280 1121 oratione:
314 1049 365 1130 olla
394 1054 427 1125 ἑν
456 1053 575 1152 χερσὶν
603 1052 832 1134 ἀπεκτείνατε,
859 1054 923 1152 οὑχ
951 1054 1066 1134 ὁμοίως
1086 1054 1217 1150 ciryci-

118 1175 187 1236 μεν·
213 1152 300 1224 rarsi
332 1153 429 1232 νόμον
454 1156 525 1248 ‘ydp
550 1148 590 1237 δή
616 1185 688 1223 τινα
714 1151 883 1251 ἔπασχον·
916 1161 956 1223 dc
983 1161 1045 1234 tta,
1072 1181 1151 1244 quos
1179 1162 1217 1225 in

118 1257 270 1340 conflictu
294 1259 470 1333 occidistis,
494 1278 558 1322 nott
583 1259 664 1323 adeo
686 1258 875 1340 querimur:
898 1260 1022 1323 accidit
1051 1261 1136 1324 enim
1158 1261 1217 1326 hcc

117 1355 189 1420 illis
198 1358 277 1435 jare
293 1358 535 1440 quodammodo.

197 1455 217 1517 2
253 1453 305 1519 Sic
327 1462 361 1520 et
382 1454 441 1542 ipsi
461 1454 671 1541 jurisconsulti
688 1452 833 1532 Romani,
851 1455 935 1541 quod
951 1477 1035 1543 sape
1047 1456 1100 1543 jus
1117 1457 1218 1545 capti·

120 1550 225 1617 vitatis
245 1561 369 1632 vocant,
393 1554 467 1621 ahbs
488 1553 632 1641 anyuriam
654 1554 823 1641 appellant,
847 1563 880 1620 ct
899 1555 1039 1642 aequitati
1055 1566 1216 1644 opponunt
1227 1573 1371 1667 ἔσῃ-ιλ

117 1651 273 1729 naturali;
296 1661 331 1719 et
356 1654 475 1720 Seneca
497 1653 579 1721 servi
602 1675 714 1718 nomen
735 1674 775 1718 ex
796 1652 910 1740 injuria
930 1665 1048 1731 natum,
1074 1656 1108 1721 id
1132 1656 1216 1742 quod
1229 1679 1338 1728 saxna

119 1772 203 1838 saepo
217 1751 330 1819 accidit
347 1753 524 1842 respiciens.
571 1752 666 1839 Apud
692 1751 814 1818 Livium
836 1774 959 1839 quoque
983 1754 1058 1820 Itali
1081 1754 1369 1821 retinen-mmm.

118 1858 168 1915 tes
186 1872 235 1927 ea,
259 1874 329 1939 quac
351 1852 557 1941 Syracusanis
579 1853 661 1919 bello
683 1851 877 1929 ademerant,
901 1852 1076 1940 pertinaces
1100 1854 1141 1920 ad
1164 1856 1217 1921 ob·

118 1949 276 2016 tinendam
291 1950 435 2038 injuriam
454 1952 658 2039 appellantur.
685 1951 768 2016 Dion
785 1952 976 2017 Prusaeensis
992 1975 1061 2018 cum
1079 1953 1216 2032 dixisset,
1229 1970 1336 2066 yffi·

118 2048 199 2115 hello
216 2058 332 2137 captos,
349 2051 377 2117 si
397 2053 438 2116 ad
460 2073 531 2117 suos
550 2051 724 2128 rediissent,
744 2050 922 2116 libertatem
944 2053 1093 2139 recipere,
1118 2053 1216 2131 addit,
1244 2044 1250 2057 ⁸

119 2145 159 2221 (tls
184 2143 292 2220 iiiios
320 2143 543 2228 δουλεύοντας,
570 2163 607 2217 ut
639 2155 695 2241 qui
721 2172 785 2236 per
811 2151 973 2235 injuriam
1000 2155 1037 2218 in
1065 2154 1218 2219 servitute

145 2252 262 2315 tieeem.
1387 2322 1390 2327 .

109 2251 146 2334 fi
196 2349 394 2416 ⁰La0tanaius
419 2351 460 2416 dc
485 2348 677 2438 philosophis
700 2348 851 2435 loquensz
876 2374 950 2416 cum
974 2356 1014 2418 de
1035 2356 1149 2438 officiis
1173 2355 1219 2418 cd
1230 2360 1283 2445 gm-
1294 2360 1381 2402 ΝΜ·

119 2470 188 2514 rem
203 2450 382 2516 militarem
399 2452 640 2537 pertinentibus
657 2451 839 2535 disputant,
857 2474 953 2536 aeque
975 2455 1022 2517 cd
1038 2454 1219 2537 fictitiam,

119 2569 217 2635 aeque
234 2551 281 2614 ad
304 2572 416 2615 ceram
440 2553 592 2615 virtutem
616 2551 880 2614 accommodatur
897 2552 960 2615 itta
980 2555 1084 2617 omnis
1100 2555 1218 2629 oratic,

119 2650 175 2712 sed
192 2650 239 2713 ad
255 2650 340 2715 Itane
359 2653 463 2715 citam
484 2671 664 2734 moremque
684 2648 820 2713 civilem.
868 2647 958 2714 Idem
980 2671 1051 2715 mox
1068 2671 1088 2714 a
1105 2653 1220 2715 Roma-

119 2745 167 2811 nis
182 2747 229 2813 ait
245 2747 384 2837 legitime
399 2749 503 2816 illatas
519 2748 657 2835 injurias.

163 2919 257 2967 ilvam
272 2926 294 2968 et
311 2922 454 2979 injustam
469 2921 587 2984 quidest]
604 2923 647 2968 Se-
696 2920 720 2966 ri
745 2924 839 2966 terrem
861 2923 910 2968 istc
928 2922 1061 2981 respublica
1082 2922 1223 2972 Christianae

119 3007 180 3040 neca
196 2996 231 3041 ad
247 2996 359 3042 Helviam
375 3011 395 3042 e.
413 2997 435 3043 6.
451 2998 497 3043 clii
511 2997 586 3041 armis
599 2996 647 3041 etti
694 2996 1090 3055 preceptorastcdict‚ctiamipaa
1101 2997 1163 3042 bella
1172 2997 1222 3043 aine

112 3068 158 3125 jus
173 3071 198 3115 in
214 3072 295 3117 aliena
311 3072 503 3131 terrasicemnt.
533 3072 646 3130 Pugnare
696 3069 853 3118 benevolentia
879 3087 925 3118 non
944 3079 1062 3133 pareatur.
1103 3075 1170 3120 Idem
1191 3075 1222 3120 da

119 3143 277 3201 sidenturjaa
286 3149 311 3190 et
320 3144 408 3191 atiena.
434 3145 481 3190 Sed
491 3145 645 3201 concilianda,
696 3146 794 3193 diversis
804 3149 909 3194 ecelesia
921 3150 1141 3199 observationibus:
1156 3152 1223 3212 apud

119 3215 373 3261 utdocethictextus.
404 3215 645 3276 Repetequoesupra
695 3236 763 3268 ceros
776 3223 826 3270 Dei
840 3224 940 3271 eirltcrcs
954 3226 1025 3273 etiam
1039 3227 1094 3286 ι’μα
1106 3228 1221 3289 hellapa.

119 3290 236 3336 hoclibro
246 3290 399 3351 cap.iv.§2.
695 3302 752 3343 cata
760 3303 821 3344 suat.
841 3298 970 3359 [Ultimum
981 3301 1060 3348 locum
1071 3303 1144 3349 habet
1155 3305 1221 3349 Auc-

163 3364 340 3425 amiantus]
356 3367 508 3428 Augustinus
522 3381 579 3414 vero
593 3368 646 3428 epl—
695 3373 755 3416 tora
762 3372 886 3429 Gratiano,
894 3377 965 3420 Ceus.
974 3375 1038 3421 xxiii.
1047 3375 1138 3429 Queat.
1149 3378 1164 3424 i.
1171 3393 1191 3424 o.
1197 3380 1220 3428 c.

119 3438 183 3483 stola
192 3452 215 3484 v.
231 3451 285 3498 ques
295 3443 332 3485 est
344 3439 375 3484 ad
386 3441 569 3487 Marcellinum:
584 3440 645 3499 (Ep.
696 3445 848 3500 nequeenim
858 3445 915 3490 alibi
924 3447 1051 3505 reperitur,
1063 3451 1128 3506 quod
1139 3451 1220 3499 sciam

119 3512 171 3557 138.
183 3509 196 3570 §
208 3512 244 3556 14.
256 3509 326 3557 Edit.
335 3510 496 3569 Benedictis.)
506 3526 536 3557 ac
543 3525 589 3569 per
602 3513 646 3558 hcc
695 3515 724 3561 J.
735 3513 780 3575 B.]

459 3652 589 3657 —-
600 3652 720 3658 ——-.
731 3654 910 3662 .—.——-

176 3754 215 3806 11.
255 3760 269 3806 1
293 3753 354 3808 Tho
368 3772 445 3810 same
457 3755 621 3811 distinction
635 3757 659 3812 is
673 3760 756 3815 made
768 3761 806 3833 by
818 3762 969 3819 Marcellus
981 3765 1116 3838 speaking
1127 3774 1158 3823 to
1170 3769 1219 3825 the

122 3839 245 3891 Sancte:
264 3838 302 3909 by
314 3839 457 3906 Aristotle,
471 3841 554 3896 when
568 3841 605 3898 ho
618 3861 682 3915 says
696 3845 759 3902 that
774 3849 892 3923 slavery,
910 3850 1018 3924 though
1037 3852 1140 3920 lawful,
1154 3874 1219 3929 may

120 3923 157 3979 bo
171 3924 282 3992 nujust:
303 3924 341 3995 by
355 3925 404 3980 tho
416 3927 548 3983 Thebans
559 3929 589 3983 in
601 3931 787 4004 Thucydides.

175 4015 192 4063 2
215 4010 254 4064 So
269 4010 318 4065 the
333 4012 444 4068 Roman
460 4016 566 4083 jurists,
581 4015 689 4089 though
705 4019 772 4092 they
791 4024 878 4094 speak
896 4024 930 4079 of
940 4024 990 4079 tho
1004 4027 1081 4097 right
1099 4027 1132 4080 of
1152 4044 1217 4100 cap·

119 4096 209 4166 tirity,
224 4097 285 4152 also
300 4098 423 4154 callthis
437 4100 513 4171 right
532 4105 792 4178 avrong,iajarr'c.
823 4110 862 4163 So
876 4110 991 4165 Seneca.
1018 4113 1056 4165 So
1070 4111 1141 4181 Livy
1154 4129 1218 4184 says

119 4182 169 4236 the
183 4183 299 4239 Italiaus
308 4201 381 4240 were
395 4184 536 4243 obstinate
549 4188 579 4242 in
593 4189 693 4261 injury,
707 4192 826 4248 because
840 4193 909 4264 thoy
922 4196 1049 4249 retained
1061 4195 1136 4249 what
1151 4196 1219 4268 they

119 4266 176 4321 had
194 4269 224 4322 in
238 4286 295 4324 war
309 4271 395 4326 taken
409 4271 484 4327 from
499 4272 549 4328 the
564 4274 743 4345 Syracusana.
769 4279 807 4332 So
821 4278 878 4332 Dio
892 4281 1062 4334 Prusaeensis
1074 4282 1172 4351 speaks
1187 4283 1221 4338 ot

118 4355 241 4424 captives
256 4356 384 4412 takenin
396 4373 461 4423 war,
479 4375 510 4413 as
525 4361 649 4432 unjustly
663 4363 803 4418 anslared.
837 4365 876 4417 So
891 4364 1056 4419 Lactantius
1074 4382 1137 4437 says
1154 4367 1218 4425 that

116 4438 321 4513 philosophans,
336 4444 491 4517 discussing
508 4445 557 4501 the
572 4447 661 4519 rights
676 4449 709 4502 of
728 4465 794 4515 war,
808 4448 845 4505 do
858 4456 909 4506 not
928 4450 1029 4523 regard
1040 4453 1142 4527 justice
1159 4457 1216 4512 aud
