2986 5048
303 303 344 364 22
570 308 763 373 QUANTUM
785 309 828 361 IN
851 307 975 362 BELLO
998 306 1145 372 menan,
1264 306 1339 375 [Lm.
1354 311 1411 368 111.

303 474 427 541 mentiri
445 473 498 540 ubi
521 481 553 541 et
569 472 722 559 quomodo
739 479 881 559 oportet:
906 493 1008 558 neque
1025 470 1151 537 videtur
1171 470 1335 538 dissentire
1351 474 1410 538 ali-

138 593 248 677 peipos
304 584 381 660 quot
405 574 437 640 in
454 574 527 640 locis
552 573 746 648 Aristoteles,
770 571 856 658 cujus
872 572 949 637 illud
973 566 1043 638 καθ’
1061 565 1145 638 αὐτὸ
1165 571 1250 657 quod
1272 571 1409 639 diximus

161 667 166 678 '
305 672 417 760 exponi
439 681 543 760 potest
568 671 779 748 communiter,
804 671 870 736 sive
892 692 928 735 re
950 679 1090 756 spectata
1115 669 1258 755 sepositis
1275 670 1407 736 circum-

140 787 290 874 limm-
304 773 432 839 stantiis.
477 775 637 859 interpres
653 779 757 836 autem
775 769 841 856 ejus
856 769 1051 835 Andronicus
1066 768 1208 834 Rhodius
1228 770 1269 835 de
1286 771 1406 837 medico

139 860 188 923 wlf
211 860 216 872 ¹
253 844 274 882 p·
303 873 387 959 apud
403 881 556 961 {egrotum
573 870 741 936 mentiente
756 869 799 935 sic
815 868 878 935 ait:
902 864 1022 957 α’πατᾷ
1039 865 1109 948 μὲν,
1129 863 1287 940 cistarciis
1303 862 1337 939 dd
1355 868 1407 940 οὒκ

303 965 405 1040 ’ἐστιν
432 974 553 1057 decipit
575 972 712 1057 quidem,
737 981 775 1034 at
797 970 943 1054 deceptor
962 991 1026 1034 sion
1047 980 1116 1034 eet.-
1143 967 1275 1033 Causam
1296 970 1405 1037 addit:

305 1068 341 1139 ori
360 1068 432 1164 ‘peip
456 1069 556 1142 τέλος
581 1063 653 1162 ἔχει
682 1064 743 1148 τὴν
765 1063 899 1149 α’τάτην
925 1070 986 1134 τοῦ
1013 1071 1196 1144 νοσοῦντος,
1222 1063 1314 1137 ἀλλὰ
1339 1065 1406 1151 τήν

304 1174 480 1264 σωτηρίαν·
507 1193 570 1234 reon
604 1170 687 1234 enim
708 1169 914 1253 propositum
947 1167 1012 1232 cidi
1042 1168 1137 1232 habet
1164 1169 1318 1253 decipere,
1349 1171 1406 1235 aed

303 1293 433 1336 servare
450 1281 613 1356 oeprotum.

376 1370 398 1431 4
433 1368 651 1446 Quintilianus,
669 1387 762 1451 quem
779 1365 854 1441 dixi,
870 1365 951 1429 hanc
970 1363 1067 1452 ipsam
1086 1373 1207 1452 partem
1225 1363 1405 1442 defendens,

305 1467 454 1554 pleraque
481 1488 548 1532 esso
564 1466 608 1530 ait
629 1487 700 1550 quae
717 1486 778 1529 non
795 1472 860 1529 tam
877 1463 977 1541 factis,
1000 1486 1094 1550 quam
1111 1463 1211 1530 causis
1231 1485 1338 1529 eorum
1355 1465 1407 1532 vel

307 1568 438 1633 honesta
454 1565 540 1642 fiant,
559 1563 610 1630 vel
626 1562 739 1650 turpia.
780 1562 936 1649 Diphilus,

524 1685 605 1750 Quod
620 1700 672 1756 pro
686 1683 776 1738 salute
791 1682 895 1738 dicitur
908 1683 1086 1737 mendacium

522 1773 571 1828 Me
581 1771 677 1842 judice
690 1768 795 1825 habero
810 1768 851 1823 nil
864 1774 958 1841 potest
972 1769 1150 1824 incommodi.

309 1872 469 1951 Quaerenti
485 1871 570 1958 apud
588 1869 771 1958 Sophoclem
789 1867 994 1953 Neoptolemo
1010 1869 1192 1951 (Philoctet.
1207 1867 1390 1954 ners.107):

521 1992 588 2045 Non
606 1989 658 2044 tibi
675 1986 787 2042 videtur
803 1993 887 2058 turpe
905 1987 1131 2058 falsiloquentia?

307 2089 490 2176 Respondet
507 2087 648 2174 Ulysses,

521 2207 597 2271 Non,
612 2206 634 2260 si
649 2205 723 2260 salus
738 2209 870 2260 nascatur
883 2221 917 2259 cx
931 2204 1087 2261 mendacio.

308 2304 367 2371 Cui
393 2304 504 2370 similia
528 2325 569 2368 ex
595 2303 748 2368 Pisandro
777 2311 809 2368 et
833 2302 984 2389 Euripide
1009 2303 1202 2370 adferuntur.
1254 2307 1298 2370 Et
1323 2305 1408 2392 apud

309 2403 532 2482 Quintilianum
549 2403 639 2491 lego:
659 2425 738 2467 nam
754 2411 786 2468 et
804 2405 1008 2468 mendacium
1026 2406 1132 2470 dicere
1149 2405 1249 2471 etiam
1264 2407 1409 2491 sapienti

308 2505 489 2590 aliquando
514 2525 692 2569 concessum
719 2514 775 2568 eat.
823 2501 1007 2568 Eustathius
1025 2504 1228 2590 Metropolim
1244 2503 1408 2569 Thessalo-

307 2601 437 2669 nicensis
463 2602 504 2668 ad
531 2603 698 2668 seeundum
725 2602 896 2690 Odysseae:
925 2597 1093 2690 ψεύσεται
1122 2598 1230 2670 “rard
1254 2598 1407 2696 καιρδνὸ

348 2779 361 2804 ¹¹
377 2768 453 2817 Κοτᾶ
462 2767 560 2831 καιρὸν]
575 2769 605 2815 In
616 2772 732 2828 tompore,
742 2770 770 2814 ut
780 2767 831 2813 Do·
925 2772 938 2798 ¹
951 2764 1082 2825 ,Quam
1100 2770 1124 2813 et
1142 2765 1285 2826 impnsdenti
1304 2766 1406 2829 aare]

306 2849 378 2892 natus
387 2846 496 2906 loquitur
505 2845 537 2891 ad
547 2843 667 2905 Adelphos
680 2856 715 2890 ιν.
726 2845 749 2891 3.
760 2842 830 2902 (vers.
881 2839 957 2886 Βεστι
972 2839 1078 2900 imprium
1092 2840 1209 2899 mnsaeit
1219 2842 1267 2887 nisi
1281 2856 1323 2889 rea
1337 2857 1409 2890 meas.

307 2922 354 2980 18.)
383 2923 419 2968 Et
432 2922 644 2982 pmmfauerefn
657 2926 763 2980 tmpore,
778 2919 832 2979 qni.
883 2916 929 2961 Et:
944 2913 1020 2961 Nemo
1036 2915 1146 2962 ramim
1154 2915 1303 2973 judicandus
1317 2918 1409 2978 estqui

306 2998 495 3058 damdeofficiis
504 2997 629 3041 scribentes
639 3001 726 3041 rectum
737 2998 831 3054 putant.
881 2990 941 3036 dicit
952 2991 1047 3049 salsum
1067 2990 1131 3051 quod
1144 2997 1217 3051 putat
1235 3007 1321 3048 rerum,
1341 2995 1408 3053 quia,

307 3070 393 3115 Cicero
407 3083 451 3127 pro
465 3069 496 3121 Q.
508 3067 613 3126 Ligario,
628 3068 727 3125 aliquod
738 3067 833 3111 menda·
882 3070 994 3123 quantum
1005 3066 1091 3124 inipso
1101 3071 1141 3122 est,
1155 3069 1282 3128 conscilii
1295 3070 1351 3130 ipsse,
1366 3069 1409 3115 sed

306 3145 369 3190 dum
398 3144 516 3187 horratum
545 3146 567 3186 et
596 3140 730 3186 misericors
754 3145 832 3185 vocat.
874 3138 985 3197 fallitur.
1018 3140 1080 3185 Sunt
1093 3139 1144 3185 haec
1154 3143 1293 3202 Augustini,
1308 3142 1337 3190 de
1351 3143 1408 3190 Ver-

307 3217 380 3277 (cap,
391 3216 426 3276 5.)
883 3212 919 3256 bis
928 3210 1038 3269 Apostoli
1047 3226 1156 3260 sermone
1165 3219 1408 3277 xxvn1.1180.num.

305 3429 363 3485 and
376 3429 402 3484 if
416 3446 457 3484 wc
468 3428 576 3485 believe
588 3426 724 3482 Plutarch
735 3424 792 3480 and
804 3424 969 3489 Quintilian,
980 3424 1030 3480 tho
1046 3423 1145 3486 Stoica,
1157 3421 1228 3488 who,
1239 3438 1342 3496 among
1356 3427 1407 3485 tho

304 3518 374 3590 gitis
387 3516 420 3572 oi
431 3515 480 3571 the
491 3516 555 3570 wisc
567 3532 641 3579 man,
655 3513 735 3586 place
750 3511 820 3573 that,
831 3522 861 3565 to
872 3511 954 3565 lrnow
965 3509 1028 3565 how
1040 3508 1096 3563 aud
1109 3507 1190 3563 when
1204 3514 1234 3564 to
1246 3508 1292 3565 lie.
1328 3512 1407 3569 Aris.

305 3605 377 3660 totle
395 3605 424 3657 in
441 3619 519 3659 aomo
536 3602 631 3673 places
649 3615 766 3670 appears
785 3603 815 3651 to
836 3596 873 3651 be
895 3596 928 3652 of
946 3595 996 3651 tho
1021 3612 1098 3651 samo
1127 3595 1249 3665 opinion.
1296 3596 1406 3654 Andro-

305 3690 384 3743 nicus
399 3688 534 3750 Rhodius,
549 3686 685 3758 speaking
696 3684 729 3740 of
745 3701 763 3738 a
774 3683 919 3754 physician
932 3681 993 3736 who
1008 3681 1072 3737 tella
1092 3699 1111 3736 a
1125 3680 1162 3735 lio
1180 3687 1210 3737 to
1229 3682 1273 3737 his
1288 3686 1407 3755 patient,

306 3788 376 3842 says,
391 3774 420 3826 lse
438 3774 554 3835 derives,
573 3775 620 3825 but
640 3772 663 3824 is
684 3779 730 3823 not
748 3787 767 3823 ο
787 3769 917 3828 merium
940 3769 996 3822 and
1013 3766 1084 3822 adds
1099 3766 1147 3823 the
1162 3784 1272 3835 reason,
1288 3769 1351 3826 that
1365 3773 1406 3827 tis

305 3859 383 3928 object
398 3858 477 3910 isnot
490 3865 515 3909 to
528 3857 633 3918 dmeioe,
645 3857 690 3907 bat
703 3863 729 3907 to
743 3872 803 3908 sace
817 3855 858 3908 tlte
868 3872 943 3908 men.

358 3949 376 3995 4
402 3942 489 4011 Many
503 3941 598 3995 others
613 3939 718 3995 defend
729 3940 779 3995 lies
794 3939 840 3993 for
856 3940 930 4011 good
945 3956 1097 4011 purpoaea:
1119 3941 1283 4006 Quintilian,
1304 3940 1405 4013 Diphi-

303 4027 358 4092 lus,
373 4026 536 4098 Sophoclea,
547 4025 692 4090 Pisandes,
706 4026 864 4097 Euripides,
880 4027 1036 4091 Quintilian
1051 4028 1142 4098 again,
1157 4028 1330 4092 Euatatbius,
1344 4026 1407 4081 who

305 4114 400 4184 brings
411 4112 585 4168 testimonies
598 4111 671 4166 from
686 4111 847 4167 Herodotus
861 4113 918 4167 and
931 4113 1079 4169 Isocrates.

362 4201 400 4254 X.
448 4205 462 4253 1
489 4198 625 4269 Opinions
643 4215 674 4253 so
696 4198 796 4271 widely
821 4199 959 4271 differing,
981 4199 1102 4271 perhaps
1125 4217 1167 4256 we
1188 4216 1253 4272 may
1275 4201 1307 4254 in
1327 4213 1405 4255 some

305 4301 432 4339 mensuro
453 4284 609 4349 conciliate,
631 4285 669 4358 by
690 4286 815 4356 alarger
833 4302 865 4339 or
887 4288 999 4341 stricter
1018 4287 1195 4358 acceptation
1212 4285 1246 4340 of
1263 4285 1312 4341 tho
1331 4291 1406 4339 term

306 4369 346 4422 lie
390 4370 448 4423 For
462 4387 502 4424 wa
515 4370 551 4425 do
566 4371 696 4426 nothcre
711 4389 761 4426 use
778 4371 827 4426 the
842 4380 914 4426 torm
932 4373 973 4437 lie,
991 4388 1023 4427 so
1041 4388 1072 4427 aa
1092 4378 1122 4426 to
1137 4372 1221 4444 apply
1233 4371 1326 4427 where
1340 4371 1364 4424 it
1381 4370 1405 4424 is

305 4455 480 4510 uuintoudcd
488 4475 496 4521 3
514 4474 555 4511 no
568 4474 632 4528 may
644 4456 810 4528 distinguish
826 4458 993 4531 asaimiood
1006 4457 1063 4512 and
1074 4475 1091 4512 a
1103 4458 1144 4513 lie.
1182 4458 1235 4512 We
1248 4474 1330 4513 mean
1343 4455 1406 4511 that
