2986 5048
297 289 362 353 242
403 295 782 368 ,submurmurant
804 297 919 354 0ch
940 296 1219 356 VASTATIONEM
1262 296 1407 369 [amm

297 460 465 550 religionis.
509 461 577 526 Imo
600 470 634 528 et
655 460 830 527 hominibus
851 462 891 528 ob
916 462 1033 550 temple
1053 460 1140 549 parci
1160 460 1295 541 solitum,
1316 466 1406 552 quod

298 561 351 644 (ne
372 562 573 647 profanarum
595 561 744 648 gentium,
767 581 838 647 quae
857 560 956 627 multa
977 571 1051 628 eunt
1072 562 1226 649 exempla,
1247 563 1403 641 adieram,

133 679 193 720 one
202 681 283 725 usn
299 659 414 747 quippe
437 683 506 726 cum
534 682 651 725 morem
674 659 757 724 hunc
777 657 867 728 κοινοὶ
883 665 950 728 τῶν
963 657 1135 741 Ἑλλήνων
1156 657 1274 742 νόμιμα
1297 663 1404 749 Scrip-

132 771 180 868 15¹3L
186 772 206 861 g
208 775 233 861 «p
240 775 283 815 civ·
297 765 381 825 tores
399 763 521 844 vocent)
538 760 599 823 min
615 758 728 825 Gothis
743 760 853 824 Itomae
870 760 1048 847 captoribus
1064 759 1108 826 sic
1124 760 1233 827 laudat
1250 762 1404 850 Augusti·

296 879 373 924 nus:
390 863 573 926 ntestantur
589 860 648 924 lsoc
663 870 848 943 martyrum
865 861 938 925 loca
953 872 983 925 et
1000 861 1147 926 basilica
1162 861 1402 947 Apostolorum,

296 981 371 1045 qua
388 961 425 1024 in
441 960 505 1024 iila
520 960 703 1024 vastatione
715 959 817 1023 uictos
832 959 879 1023 ad
894 981 927 1024 se
940 960 1157 1045 consopientes
1173 981 1247 1026 suos
1263 962 1404 1027 alienos·

295 1079 354 1143 que
378 1069 585 1143 receperunt.-
610 1059 772 1142 bucusque
797 1069 950 1123 cruentus
974 1059 1126 1124 seviebat
1150 1061 1329 1125 inimicus:
1352 1059 1405 1126 ibi

295 1158 479 1241 accipiebat
503 1158 638 1222 limitem
661 1157 894 1222 trucidationis
908 1158 1036 1242 fiacr:
1068 1158 1128 1223 iilo
1152 1160 1353 1224 ducebantur
1379 1182 1404 1225 a

296 1258 526 1322 miserantibus
551 1256 703 1331 hostibus,
727 1257 847 1340 quibus
877 1256 1023 1339 (⁰maliu1,
1047 1259 1112 1342 qai,
1139 1278 1212 1321 nam
1237 1255 1404 1347 distinguit

295 1353 434 1420 mitiores
448 1376 469 1421 a
485 1353 675 1439 durioribus)
690 1356 791 1420 etiam
813 1362 908 1420 cama
927 1357 1005 1441 apsa
1031 1357 1104 1421 ioca
1114 1368 1338 1442 pepercerant,
1361 1380 1404 1423 ne

295 1456 333 1519 in
349 1476 401 1519 eos
417 1457 628 1530 incurrerent,
644 1455 705 1539 qui
720 1455 857 1520 similem
873 1455 1134 1521 mirericordiam
1148 1477 1212 1520 non
1228 1456 1402 1522 baberent:

296 1555 355 1639 qui
371 1565 478 1620 tanuen
490 1555 590 1618 etiam
602 1554 669 1639 ipsi
680 1554 765 1618 aiibi
777 1564 882 1619 truces
897 1566 995 1639 atque
1006 1556 1120 1620 hostili
1132 1577 1220 1621 more
1236 1556 1404 1621 sevientes

296 1654 531 1739 ¹’posteaquam
552 1655 597 1717 ad
615 1654 685 1718 loca
699 1652 763 1717 iiia
782 1654 960 1728 ueniebant,
984 1655 1043 1718 ubi
1054 1655 1173 1737 suerat
1188 1655 1402 1719 interdictum

296 1753 384 1837 quod
403 1752 488 1817 aiibi
503 1752 582 1835 jure
606 1752 682 1816 beili
706 1752 860 1826 licuisset,
886 1763 955 1817 tota
977 1754 1133 1818 saciersdi
1152 1753 1402 1838 refroenabatur

297 1852 498 1927 immanitas,
518 1863 548 1918 et
565 1852 760 1935 captivandi
775 1850 947 1935 cupiditas
953 1852 1189 1936 franpebatur.

366 1950 443 2016 Vll.
482 1952 501 2014 l
536 1949 629 2027 Quod
646 1949 686 2014 de
698 1946 793 2014 sacris
810 1948 884 2025 dixi,
902 1947 985 2015 idem
1001 1950 1042 2015 de
1056 1949 1208 2038 religiosis
1225 1948 1401 2038 intelligen-

296 2047 370 2114 dum
393 2057 451 2124 est,
476 2048 570 2114 etiam
596 2047 636 2113 de
660 2046 707 2123 iis,
734 2069 806 2133 quse
829 2046 1037 2114 inhonorem
1062 2057 1254 2115 mortuorum
1279 2057 1401 2115 structa

296 2154 388 2214 sunt:
412 2167 484 2212 nam
501 2156 534 2213 et
550 2147 627 2223 hacc,
646 2166 824 2233 quanquam
835 2145 889 2232 jus
904 2146 1045 2237 gentium
1061 2146 1277 2234 impunitatem
1294 2146 1352 2212 irae
1367 2147 1401 2213 in

295 2243 356 2310 ista
380 2245 561 2310 exercendae
588 2244 738 2332 indulget,
767 2244 876 2311 violari
904 2266 967 2311 non
995 2253 1124 2333 possunt
1153 2246 1213 2312 nisi
1242 2253 1401 2312 contemta

132 2351 266 2447 mstis
296 2341 497 2409 humanitate.
550 2342 709 2408 Summam
726 2363 793 2408 esse
816 2343 969 2410 rationem
982 2345 1071 2411 aiunt
1088 2343 1311 2432 jurisconsulti,
1328 2366 1402 2432 quse

342 2525 361 2553 ¹¹
375 2517 406 2564 In
416 2516 511 2565 Geniis
518 2516 602 2564 Rosea
611 2513 759 2576 captoribus]
774 2515 824 2563 Sub
872 2517 932 2565 nlcis
943 2519 1064 2566 Gotthiois
1074 2518 1136 2566 AErs
1145 2529 1298 2566 ooccxnrn.

297 2593 396 2642 Alarico
412 2593 522 2640 nsanos
542 2592 609 2652 cujus
629 2595 655 2638 et
671 2593 717 2636 hoc
732 2591 824 2637 iactum
917 2601 930 2626 ⁰
944 2591 1040 2651 Malim,
1057 2591 1111 2654 qui]
1138 2592 1244 2640 Omnino
1263 2592 1298 2639 sic
1316 2591 1402 2653 legen·

297 2667 453 2716 memorabile
466 2668 531 2727 opud
544 2667 713 2714 cassiodorum
723 2677 773 2713 xsr.
786 2667 824 2712 20.
873 2667 932 2713 dum
949 2667 1055 2714 ostendit
1075 2666 1184 2726 Orosius,
1204 2666 1305 2713 eundem
1324 2666 1403 2713 histo.

298 2742 493 2790 Res'Aiartslsus
504 2742 609 2802 apostoli
618 2741 687 2786 Petri
703 2753 762 2785 oasa
774 2740 825 2785 suis
873 2741 934 2787 riam
953 2742 1059 2788 referens
1078 2741 1132 2788 Lib.
1143 2753 1191 2787 vn.
1211 2754 1232 2787 o.
1244 2742 1283 2788 28.
1322 2739 1404 2802 [Nihil

298 2817 658 2878 dqferentibuseumesospisset,
674 2829 736 2871 mos,
751 2813 826 2860 utrei
874 2820 970 2862 mutant
995 2821 1077 2862 umen
1101 2813 1218 2875 postremi
1242 2814 1363 2872 Editoses,
1388 2830 1404 2862 e

299 2906 396 2940 wmam
412 2893 496 2939 habita
510 2892 695 2952 interropatione
711 2890 826 2951 sepserit,
873 2886 965 2932 familia
988 2886 1162 2934 Mesochorum
1182 2885 1403 2935 benedictinorum.

298 2968 378 3014 sacris
394 2967 514 3014 liminibus
526 2965 650 3025 deportari
665 2963 827 3023 diripientium
874 2962 904 3009 J.
914 2959 961 3020 B.]

299 3042 407 3087 mumius
427 3040 561 3099 imperauit,
588 3044 615 3085 ut
637 3039 757 3097 cupiditas
775 3051 826 3097 pua
920 3045 933 3080 Ρ
953 3037 1115 3096 Posteaquam
1133 3035 1169 3083 ad
1187 3035 1241 3083 toea
1260 3035 1307 3085 iiia
1325 3037 1404 3084 emie-

299 3113 484 3174 depradatiossis
499 3113 587 3158 ambitu
602 3111 732 3158 admiserat
744 3112 827 3168 scelus,
876 3106 943 3168 bani]
980 3108 1077 3154 Eisdem
1101 3107 1264 3166 apostolorum
1296 3107 1405 3154 basilicis

299 3187 566 3247 deuotioneIarpissima
576 3186 662 3232 deleret
671 3197 795 3231 secessum
877 3181 966 3230 Gotthi
983 3182 1028 3228 snb
1044 3180 1128 3240 vitige
1144 3181 1247 3227 Remum
1264 3181 1406 3229 obsidentes

343 3269 356 3296 ¹¹
375 3263 500 3309 Testantur
507 3261 551 3308 boe
557 3265 687 3319 martyrum
697 3258 764 3318 ιοοο]
776 3259 827 3305 lix·
876 3260 1043 3318 pepercerunt,
1063 3259 1126 3302 teste
1140 3256 1258 3316 Procopio
1278 3256 1404 3305 Gouma-

299 3336 394 3400 scripsit
408 3337 472 3385 huuc
486 3336 565 3385 locum
581 3334 688 3382 Isidorus
708 3333 733 3378 in
748 3334 827 3380 clnc-
875 3346 928 3379 rum
938 3344 967 3378 11.
978 3332 1041 3392 (cop.
1051 3331 1086 3390 4.)
1109 3331 1191 3378 num
1200 3331 1307 3379 bubsris
1317 3336 1344 3381 st
1354 3344 1405 3380 non

301 3586 351 3642 the
372 3586 507 3658 templum
523 3585 609 3657 being
629 3584 662 3640 oi
680 3585 822 3640 thesemo
839 3583 958 3654 religion
977 3598 1008 3637 ss
1025 3581 1075 3637 the
1094 3581 1211 3649 Greeks,
1221 3581 1314 3639 whom
1332 3584 1404 3657 they

300 3672 469 3741 conquerod.
503 3671 568 3725 And
580 3688 650 3726 even
664 3688 730 3725 men
746 3687 818 3726 were
833 3668 992 3741 commonly
1005 3667 1107 3738 spered
1122 3684 1160 3723 on
1173 3675 1294 3725 account
1306 3669 1341 3724 oi
1351 3670 1404 3726 the

300 3755 429 3825 temples,
448 3772 479 3809 ss
501 3754 565 3820 (not
581 3762 611 3811 ιο
633 3756 743 3811 adduce
758 3755 899 3826 exampies
914 3754 947 3809 oi
961 3753 1084 3809 heathen
1103 3754 1224 3819 natione,
1242 3753 1334 3810 which
1351 3772 1403 3811 are

299 3854 459 3903 numerous,
484 3839 629 3893 inuemuch
655 3855 686 3894 ss
712 3840 819 3895 writers
845 3840 900 3894 call
920 3839 977 3894 this
998 3840 1040 3893 tie
1060 3856 1182 3893 common
1201 3856 1283 3910 usope
1304 3843 1342 3914 os
1361 3843 1404 3896 ms

301 3921 422 3990 Greeks)
444 3923 481 3994 by
507 3923 557 3979 the
582 3923 681 3989 Gotho,
705 3924 786 3978 when
814 3923 883 3997 thoy
904 3925 973 3995 took
998 3925 1107 3990 Rome;
1129 3923 1220 3979 which
1242 3925 1403 3996 Augustino

298 4025 413 4083 presses.

352 4096 418 4150 VII.
457 4100 471 4149 1
494 4094 580 4150 What
593 4094 728 4151 hasbeen
742 4096 804 4152 said
816 4096 850 4151 oi
860 4094 958 4153 sacred
973 4096 1075 4168 places,
1086 4111 1152 4168 may
1161 4095 1199 4151 be
1213 4095 1328 4168 applied
1340 4095 1402 4151 also

298 4188 330 4237 ιο
340 4181 548 4253 burial-places,
560 4183 616 4238 and
631 4189 661 4238 to
675 4182 725 4238 tho
736 4189 914 4238 monuments
927 4181 960 4236 of
971 4181 1117 4236 thedoad:
1136 4181 1183 4235 for
1194 4181 1282 4245 these,
1289 4180 1402 4252 though

298 4268 348 4324 the
368 4270 434 4322 Low
448 4268 482 4323 oi
494 4269 613 4324 Nations
627 4268 722 4324 allows
736 4268 825 4324 wratb
842 4275 872 4323 ιο
887 4268 924 4322 do
938 4268 974 4322 its
989 4266 1066 4322 work
1077 4283 1114 4321 on
1128 4264 1209 4321 them
1224 4266 1291 4320 with
1305 4267 1401 4337 impu·

298 4353 369 4423 nity,
383 4359 486 4408 cannot
504 4353 541 4408 be
556 4353 678 4409 sioleted
695 4353 814 4408 without
827 4353 978 4424 trsmpling
992 4368 1030 4408 ou
1042 4351 1197 4424 humanity.
1230 4351 1336 4407 Jurists
1350 4368 1402 4423 ssy

299 4435 363 4492 that
380 4436 481 4492 thetis
496 4436 546 4492 tho
559 4438 672 4508 highest
685 4439 807 4503 Bessan,
822 4435 912 4494 which
925 4438 949 4494 is
963 4453 1001 4493 on
1015 4436 1064 4493 the
1074 4437 1135 4493 eide
1149 4436 1183 4492 oi
1191 4436 1320 4507 religion.
1360 4437 1401 4494 So
