2986 5048
117 305 186 360 Car.
201 302 284 372 XX]
368 305 437 361 UBI
458 306 511 359 DE
534 305 644 360 PAOIS
666 303 869 371 PAOTIONE,
890 305 973 362 ETO.
1157 298 1220 361 333

116 488 191 532 num
209 467 290 533 enim
315 476 364 533 est
387 467 514 533 credere
532 467 564 532 id
587 475 701 545 actum,
718 476 755 533 ut
779 468 851 533 belli
867 468 984 534 semina
1002 468 1219 534 evellerentur.

119 569 206 632 Idem
237 589 329 652 quem
355 566 446 631 modo
474 567 599 631 laudavi
630 567 802 654 Dionysius
834 567 1132 632 Halicarnassensis:
1164 569 1342 637 oderisius.

117 662 255 760 α’πόχμη
279 661 498 745 τοῦτομόνον
524 661 605 744 ἡμᾶς
630 667 769 733 σκοπεῖν
783 663 872 735 ὅπως
897 661 936 732 ἂν
961 663 1025 747 την
1051 672 1244 757 παροῦσαν

117 758 245 857 ἔχθραν
269 756 500 845 διαλυσαίμεθα
526 759 604 856 πμδς
626 760 805 844 ἀλλήλους,
825 761 901 832 ἀλλ’
923 762 1012 833 ὥστε
1038 757 1107 847 μηδ’
1130 758 1220 838 αὖθίς

119 892 206 931 ποτε
228 859 466 942 πολεμήσωμεν
485 857 538 929 ἔτι
562 854 611 929 dei
635 859 968 954 παρασκευάσασθαι·
995 862 1031 930 οὑ
1051 862 1122 957 γὰρ
1147 861 1221 931 ἀνα-

119 957 228 1046 βολὰς
253 957 463 1041 ποιησόμενοι
487 964 554 1029 τῶν
580 964 682 1028 κακῶν
706 962 979 1044 συνεληλύθαμεν,
1008 959 1086 1030 ἀλλ’
1110 959 1220 1030 α’παλ-

120 1055 249 1148 λαγάςε
274 1083 338 1126 μου
363 1073 432 1125 tam
457 1062 666 1144 cogitandum
686 1073 733 1125 est
757 1063 797 1125 de
820 1065 996 1126 sarcienda
1022 1065 1058 1126 ιἰι
1079 1085 1222 1146 proesens

120 1162 281 1234 amicitia,
308 1182 407 1245 quam
429 1161 468 1224 id
491 1162 672 1223 curandum
696 1181 735 1223 ae
759 1160 838 1224 bello
857 1163 974 1224 iterum
995 1163 1222 1245 implicemur.-

119 1281 217 1344 nequc
237 1261 322 1324 enim
344 1260 391 1322 aa
418 1260 599 1342 differenda
620 1260 676 1323 sed
698 1259 745 1321 ad
765 1260 946 1341 auferenda
964 1261 1056 1324 mala
1078 1263 1222 1324 conveni·

120 1379 213 1423 νιυοι
248 1378 319 1442 quae
347 1366 503 1442 postrema
528 1356 624 1421 verbo
654 1365 745 1421 tenus
773 1357 871 1421 ferme
903 1357 1045 1423 desumta
1077 1369 1149 1422 sunt
1182 1380 1222 1422 ex

121 1456 268 1532 Isocrate,
286 1457 431 1521 oratione
448 1458 488 1520 de
504 1458 606 1520 Pace.
1235 1475 1353 1524 Pus-1⁶⁴0·

196 1556 269 1620 XX.
318 1556 397 1632 Quse
419 1562 489 1640 post
511 1554 665 1639 perfectas
680 1554 837 1641 pactiones
854 1564 946 1642 capta
962 1564 1043 1634 sunt,
1060 1555 1222 1622 reddenda

120 1652 196 1719 satis
213 1661 342 1731 constat,
361 1652 516 1718 sublatum
534 1653 614 1717 enim
628 1653 695 1739 jam
712 1662 782 1719 erat
798 1655 870 1719 belli
882 1655 943 1741 jus.

196 1753 287 1818 XXl.
333 1754 376 1816 At
393 1751 425 1816 in
443 1751 644 1838 pactionibus,
662 1774 732 1837 quae
749 1762 821 1818 sunt
838 1753 877 1818 de
895 1752 1060 1819 reddendis
1075 1751 1133 1830 his,
1152 1774 1222 1837 quas
1234 1777 1307 1814 arsat,
1319 1786 1337 1814 v.

120 1851 202 1917 hello
229 1860 321 1939 capta
348 1859 429 1926 sunt,
453 1851 587 1937 primurn
616 1850 708 1916 latius
734 1853 979 1939 interpretandae
1007 1874 1077 1938 quae
1104 1862 1222 1917 mutuas
1236 1822 1333 1868 m*

120 1960 192 2015 sunt
209 1973 300 2036 quam
324 1972 395 2035 quac
420 1950 612 2015 claudicant:
636 1950 749 2017 deinde
772 1972 842 2036 quae
863 1952 903 2016 de
926 1951 1100 2016 hominihus
1123 1965 1224 2039 agunt

120 2050 190 2137 plus
207 2048 322 2114 favoris
346 2049 463 2114 habent
484 2070 574 2133 quam
597 2071 667 2135 quoe
684 2050 724 2114 de
742 2051 853 2115 rebus:
877 2060 909 2116 et
925 2050 1008 2115 inter
1025 2073 1078 2115 eas
1094 2072 1165 2136 quoe
1182 2052 1223 2114 do

121 2148 224 2224 rebus,
242 2148 293 2212 hae
314 2170 385 2233 quae
408 2148 448 2212 do
467 2147 553 2234 agris
578 2149 647 2234 plus
669 2170 761 2233 quam
784 2170 856 2233 quoe
872 2149 912 2214 de
929 2150 1023 2214 rebus
1039 2149 1223 2215 mobilibus:

122 2256 155 2311 et
172 2269 242 2332 quse
257 2246 297 2311 do
314 2247 362 2312 his
382 2269 452 2331 quae
469 2268 564 2332 penes
584 2247 738 2333 publicum
755 2256 828 2312 sunt
844 2247 913 2334 plus
930 2270 1022 2333 quam
1040 2270 1110 2334 quse
1128 2270 1223 2334 penos

123 2346 278 2432 privatos:
306 2353 339 2410 et
355 2346 438 2410 inter
455 2368 508 2410 eas
524 2367 594 2431 quae
611 2368 706 2433 penes
719 2347 866 2434 privatos,
881 2348 950 2434 plus
966 2346 1028 2412 illes
1045 2369 1115 2434 quse
1132 2347 1224 2413 reddi

117 2444 232 2529 jubent
248 2444 396 2511 lucrativo
421 2444 509 2511 titulo
535 2467 685 2531 possessa,
707 2469 800 2533 quam
819 2468 958 2524 oneroso,
976 2455 1012 2512 ut
1028 2469 1099 2533 ques
1116 2448 1224 2513 emtio-

122 2543 221 2621 nibus,
240 2567 309 2630 quae
326 2544 449 2610 dotibus
465 2551 620 2611 tenentur.
1236 2554 1373 2640 legg-geone·

544 2721 700 2728 .——-
730 2722 771 2726 ..

122 2835 212 2905 placo,
226 2833 251 2886 if
266 2832 346 2886 there
360 2831 397 2885 bo
416 2847 472 2902 any
490 2830 589 2894 words,
609 2846 642 2884 or
661 2831 716 2885 fair
730 2832 899 2900 conjecture,
915 2837 945 2884 to
961 2838 1153 2889 countcnance
1172 2835 1223 2890 tho

122 2918 326 2989 suppositione:
340 2915 395 2969 and
408 2915 464 2969 this
478 2916 636 2986 especially,
648 2916 673 2969 if
685 2915 735 2970 the
749 2915 824 2985 right
836 2916 865 2968 iu
880 2917 1010 2986 question
1025 2917 1060 2972 ho
1075 2927 1125 2973 not
1140 2921 1224 2985 clear,

123 3004 175 3058 but
189 2999 393 3057 controvertod.
431 3001 488 3054 For
507 3001 529 3054 it
552 3001 576 3054 is
592 3001 720 3071 gracious
740 3007 768 3056 ιο
787 3017 907 3071 suppose
928 3001 991 3055 that
1009 3009 1039 3056 to
1060 3004 1131 3059 have
1150 3005 1225 3061 been

123 3090 205 3152 dono,
220 3086 309 3141 which
323 3086 422 3158 plucks
434 3103 473 3157 up
488 3085 537 3141 tho
549 3086 629 3141 soeds
644 3086 678 3141 of
689 3103 753 3142 παν.
784 3087 822 3140 So
837 3087 987 3158 Dionysius
1002 3089 1224 3157 Halicarnassus,

122 3175 216 3228 whose
228 3172 396 3244 concluding
407 3172 496 3227 words
507 3189 555 3228 ore
567 3173 664 3246 nearly
676 3173 761 3229 taken
774 3173 848 3228 from
859 3174 997 3230 Isocrates
1011 3176 1041 3230 in
1053 3177 1096 3232 his
1113 3180 1226 3233 oration

122 3277 160 3315 on
175 3259 224 3314 the
239 3261 339 3314 Peace.

175 3344 244 3401 XX.
281 3346 368 3401 What
387 3346 410 3400 is
424 3347 511 3401 taken
526 3345 600 3401 after
614 3346 664 3401 the
684 3352 777 3417 tresty
791 3346 814 3399 is
829 3346 921 3411 made,
936 3348 959 3402 is
975 3354 1005 3402 to
1023 3348 1060 3404 be
1079 3349 1225 3415 restoredr

122 3433 167 3487 for
181 3432 230 3487 tho
242 3432 317 3503 right
332 3432 365 3486 of
377 3449 434 3486 war
447 3450 502 3487 was
516 3432 675 3505 previously
690 3431 892 3501 extinguished.

176 3518 259 3572 xx1.
296 3518 330 3572 In
343 3525 519 3588 agreements
533 3518 702 3586 concerning
717 3516 765 3570 the
778 3517 936 3570 restitution
952 3515 985 3570 of
997 3525 1126 3587 capturos
1143 3519 1226 3574 mado

122 3603 152 3655 in
167 3619 231 3666 war,
245 3603 275 3655 in
293 3602 342 3656 the
364 3603 425 3656 first
442 3602 531 3671 pisce,
550 3600 632 3655 those
654 3600 766 3654 articles
781 3616 830 3654 are
848 3607 878 3652 to
896 3600 933 3655 be
953 3601 1127 3672 intorpretod
1147 3621 1226 3659 more

123 3686 233 3756 widely,
253 3685 343 3740 which
360 3702 409 3739 are
432 3685 549 3749 mutual,
570 3684 639 3737 than
661 3683 742 3738 those
762 3683 851 3738 which
872 3702 921 3740 aue
940 3687 1103 3751 one-sided3
1122 3689 1152 3742 in
1176 3690 1226 3744 tho

123 3776 190 3825 next
202 3771 290 3841 piace,
304 3771 385 3824 those
399 3769 489 3823 which
509 3777 584 3824 treet
600 3770 768 3840 concaming
786 3787 851 3824 men
865 3787 914 3826 aro
934 3777 964 3826 ιο
985 3772 1021 3827 be
1044 3774 1129 3829 when
1146 3792 1225 3831 more

122 3856 287 3928 favourably
301 3855 371 3910 than
385 3855 465 3910 those
478 3856 646 3927 concerning
657 3855 768 3927 things3
789 3856 845 3910 and
859 3865 989 3929 amongst
1000 3858 1080 3915 those
1092 3877 1226 3917 concern.

122 3943 171 4012 ing
184 3942 287 4013 things,
302 3940 382 3996 those
400 3943 570 4012 concerning
588 3941 678 4006 lsnds,
696 3959 775 3998 more
793 3943 957 4016 inwourahly
976 3946 1045 3999 than
1063 3946 1144 4002 those
1157 3964 1227 4002 con·

123 4029 239 4097 cerning
253 4027 429 4093 moveables3
447 4027 504 4080 and
517 4026 599 4081 those
614 4029 782 4098 concaming
797 4028 890 4099 things
902 4029 932 4082 in
946 4030 1041 4100 public
1059 4034 1225 4101 possession,

123 4130 202 4169 more
216 4112 380 4184 favourably
394 4111 464 4166 than
483 4111 564 4166 those
584 4111 674 4166 which
696 4129 745 4167 sre
763 4114 792 4165 in
811 4113 936 4181 private,
954 4114 1009 4168 and
1027 4132 1130 4185 among
1143 4117 1225 4171 those

123 4199 213 4253 which
228 4215 277 4253 are
291 4199 320 4252 in
335 4199 444 4269 private
464 4197 629 4268 possession,
649 4196 730 4251 those
747 4196 836 4250 which
851 4197 941 4251 direct
955 4198 1004 4252 tho
1018 4200 1179 4255 restitution
1194 4202 1227 4255 oi

122 4283 216 4356 things
234 4283 378 4355 possessed
400 4283 438 4355 by
460 4282 630 4336 alucrstiwe
651 4281 721 4347 title,
745 4296 823 4335 more
848 4281 1012 4355 favourably
1033 4283 1102 4338 thnn
1124 4286 1162 4357 by
1187 4303 1225 4341 an

122 4387 242 4427 onerous
257 4369 335 4436 title;
357 4369 413 4423 and
426 4367 507 4423 those
521 4367 611 4421 which
623 4366 694 4423 hare
706 4366 778 4423 been
791 4366 923 4439 scquucd
937 4368 975 4443 by
989 4369 1134 4441 purchase,
1147 4388 1225 4429 more

121 4456 285 4528 favourably
300 4455 368 4510 than
383 4454 464 4509 those
480 4455 516 4525 by
531 4452 674 4508 donation.
