2986 5048
101 320 172 380 cu.
186 314 241 392 ιι]
393 321 516 379 emur
537 322 582 378 nr
602 320 727 378 nanno
750 320 924 379 munero.
1143 312 1205 378 193

103 484 157 555 Sic
174 493 207 554 et
223 485 317 554 duces
343 492 489 552 tenentur
514 484 554 551 do
576 484 634 562 his,
659 505 730 572 quoe
755 505 811 550 suo
834 484 930 550 ductu
951 483 1034 550 faeta
1054 490 1146 551 sunt:
1173 495 1207 553 et

103 586 217 653 milites
241 585 274 650 in
301 585 432 651 solidum
457 606 573 661 omnes,
591 582 644 671 qui
664 583 706 649 ad
730 591 833 649 actum
850 583 984 669 aliquem
1002 606 1204 663 communem,

102 693 181 774 puta
196 683 283 751 urbis
302 682 488 764 incendium,
514 690 758 749 concurrerunt:
783 682 817 747 in
838 681 959 749 actibus
985 682 1119 750 dividuis
1145 704 1205 770 pro

104 785 218 850 damno
235 782 366 873 quisque
392 782 480 872 cujus
498 781 565 872 ipse
587 802 681 850 causa
701 780 801 860 unice,
819 788 876 848 aut
895 789 981 849 certe
997 780 1080 849 inter
1096 802 1205 850 canoas

104 882 176 950 fuit.

179 983 219 1051 V.
269 984 289 1048 1
320 983 434 1069 Neque
462 979 686 1049 admittendam
718 987 825 1069 putem
855 979 1078 1069 exceptionem,
1110 1001 1205 1069 quam

104 1080 244 1147 nonnulli
260 1080 408 1147 adferunt
430 1080 470 1146 de
490 1079 549 1156 his,
567 1078 621 1166 qui
643 1079 711 1144 aliis
732 1101 859 1167 operam
873 1089 1001 1159 navant,
1018 1081 1045 1146 si
1061 1081 1154 1148 modo
1170 1081 1203 1148 in
1216 1103 1265 1143 sev.
1275 1104 1350 1148 aueo

104 1179 180 1267 ipsis
195 1179 312 1267 ahquid
334 1180 455 1247 horeat
480 1177 614 1266 'culpooz
636 1178 677 1244 ad
697 1177 924 1245 restitutionem
945 1178 1027 1244 enim
1045 1177 1111 1245 sine
1131 1180 1202 1247 dolo
1215 1153 1312 1192 Μ

104 1278 197 1366 eulpa
212 1277 331 1345 sufficit
384 1279 474 1354 Sunt,
492 1277 546 1363 qui
562 1276 709 1343 videniur
724 1276 902 1343 existimare
918 1299 969 1343 res
986 1276 1067 1344 bello
1084 1288 1201 1365 captas,
1214 1302 1354 1389 moggo

104 1377 226 1443 etiamsi
238 1375 325 1463 justa
339 1376 413 1444 beili
429 1397 523 1443 causa
544 1397 607 1441 non
628 1374 774 1452 adiuerit,
796 1373 973 1441 reddendas
988 1398 1051 1441 non
1068 1398 1147 1455 esse,
1165 1400 1202 1444 eo
1215 1396 1291 1479 ggqp·
1297 1396 1354 1488 pq

105 1475 190 1561 quod
206 1474 356 1541 bellantes
370 1474 453 1542 inter
477 1495 521 1553 ee,
538 1495 608 1540 cum
631 1473 746 1540 bellum
766 1472 912 1552 inierunt,
929 1473 991 1542 ista
1010 1474 1203 1562 capientibus
1216 1486 1321 1534 rom

103 1574 238 1641 donasse
253 1573 476 1663 intelligantur.
525 1573 588 1640 Sed
605 1594 695 1638 nemo
712 1594 802 1639 suum
814 1572 936 1659 jactare
953 1582 1072 1640 temere
1085 1596 1203 1662 proesu-

103 1672 220 1740 mitur:
245 1681 279 1740 οι
302 1673 417 1739 bellum
442 1695 500 1761 per
525 1694 559 1738 se
578 1671 672 1760 longe
696 1672 786 1738 abest
806 1679 1058 1738 acontractuum
1079 1681 1201 1740 natura

105 1773 153 1838 Ut
171 1794 248 1840 vero
270 1771 374 1860 pacati
395 1771 502 1861 populi
520 1770 598 1837 certi
620 1770 695 1860 quid
716 1770 870 1836 haberent
886 1770 969 1857 quod
985 1781 1201 1858 sequerentur,

103 1892 161 1937 nec
182 1870 263 1938 bello
286 1870 520 1960 implicarentur
542 1869 640 1947 inviti,
662 1869 831 1936 sufficiebat
856 1868 1044 1935 introductio
1067 1871 1201 1952 externi,

103 1968 143 2036 de
159 1992 220 2057 quo
235 1970 378 2051 diximus,
394 1968 529 2047 dominii,
547 1968 715 2056 quodcum
732 1968 856 2035 interna
871 1968 1060 2058 obligatione
1075 1970 1202 2036 restitu-

101 2068 196 2134 tionis
211 2076 315 2157 potest
335 2068 512 2138 consistere.
563 2069 669 2155 Atque
689 2066 723 2133 id
742 2068 787 2133 illi
808 2066 867 2156 ipsi
888 2076 1031 2134 auctores
1055 2067 1202 2135 videntur

100 2174 240 2234 statuere
254 2166 374 2254 injure
391 2165 583 2255 captivitatis
599 2189 812 2254 personarum.
851 2166 927 2233 Ideo
947 2165 1101 2233 Samnites
1116 2168 1200 2255 apud

99 2265 232 2344 Livium,
248 2289 301 2334 reo
316 2269 457 2334 boetium
476 2268 514 2332 eir
528 2268 651 2352 preda
673 2277 798 2353 captos,
817 2289 888 2353 quoe
906 2268 982 2333 belli
990 2267 1068 2351 jure
1083 2279 1202 2335 noetrae
1214 2280 1324 2323 ssim·

96 2431 172 2479 bobes
186 2447 241 2480 enm
256 2446 333 2496 prece
348 2435 413 2495 apud
423 2433 548 2481 Justinnm
558 2433 626 2480 Mar-
677 2431 830 2480 ibrcioorum
840 2447 864 2480 v.
877 2438 902 2481 οι
912 2447 980 2482 xvrr.

96 2508 174 2567 tyrem
184 2508 210 2554 in
218 2509 334 2570 colloquio
344 2523 397 2557 cum
409 2510 543 2570 Tryphone.
556 2509 625 2570 (pag.
719 2507 730 2537 ¹
745 2507 848 2556 Videtur
867 2508 921 2555 heic
941 2509 1024 2556 deesse
1043 2509 1139 2568 dolorm
1158 2514 1202 2558 sut

96 2583 148 2629 233.
160 2582 210 2628 Ed.
223 2583 348 2646 ὄψιος.)
673 2581 739 2628 uliud
748 2582 839 2629 simile:
855 2587 884 2628 ιιι
893 2588 999 2642 potetex
1008 2585 1087 2630 verbis
1098 2598 1200 2644 sequen-

142 2657 219 2704 iNorr
227 2659 329 2707 Judoeor
338 2657 440 2719 ιωιιιιοι]
451 2658 515 2706 Vide
522 2671 625 2704 conones
674 2656 746 2712 tibus,
755 2657 806 2702 rire
815 2656 869 2701 dolo
881 2657 953 2715 culpo
967 2657 1063 2719 sufficit.
1093 2658 1148 2703 Non
1164 2663 1202 2704 est

95 2731 273 2792 poenitentiales
283 2733 359 2780 Morio
366 2733 519 2780 Meimonidee
526 2746 579 2792 cop.
588 2735 626 2789 11,
674 2731 698 2776 in
710 2735 806 2790 promtu
818 2731 965 2775 anvnsrnn
975 2730 1025 2787 illo,
1032 2731 1063 2776 nd
1071 2731 1138 2790 cnjus
1145 2745 1201 2776 sen-

97 2803 146 2864 §2
176 2804 210 2851 Et
220 2806 314 2852 Morem
325 2804 355 2852 de
366 2803 439 2851 Koloi
451 2809 574 2864 precepto
582 2802 625 2862 ju·
674 2802 775 2849 tentiam
800 2802 852 2849 heic
879 2803 977 2862 respicit
998 2803 1091 2849 Auctor
1110 2807 1199 2849 noster.

96 2877 169 2924 bento
180 2891 236 2924 xvr.
674 2875 702 2922 J.
713 2875 745 2922 Β.

141 2960 154 2997 ι
167 2951 363 3014 Muharodiotuo]
379 2952 442 3000 Vide
454 2951 625 2999 Leunclerinm

98 3158 254 3232 preventod
276 3159 358 3218 when
380 3161 449 3238 they
470 3164 563 3224 could.
608 3165 647 3222 So
670 3167 720 3223 tho
741 3168 869 3240 generals
889 3186 938 3225 aro
961 3170 1135 3243 responsible
1155 3170 1201 3227 ior

100 3244 177 3298 what
191 3246 215 3300 is
228 3245 301 3303 done
318 3248 357 3319 by
374 3248 449 3305 their
466 3251 567 3318 order;
587 3253 644 3306 and
662 3252 711 3308 the
733 3254 850 3311 soldicrs
867 3257 1004 3328 severally
1022 3257 1079 3311 and
1096 3258 1201 3328 J’ointIy

102 3329 165 3385 who
176 3328 248 3387 hare
257 3334 355 3404 joined
367 3335 398 3388 in
412 3350 468 3408 any
482 3344 529 3393 aot
537 3357 545 3402 ;
563 3354 594 3392 ns
606 3338 656 3393 the
666 3338 789 3412 burning
800 3341 834 3395 of
848 3359 866 3396 a
877 3342 950 3414 city:
969 3341 1026 3396 and
1040 3342 1071 3396 in
1087 3358 1201 3414 soporo

101 3415 150 3471 blo
163 3422 232 3484 ecte,
245 3418 317 3474 each
331 3419 376 3475 for
390 3420 465 3476 what
476 3421 513 3477 he
528 3423 586 3488 did,
599 3440 632 3479 or
645 3425 729 3479 eided
743 3426 773 3479 in
789 3426 882 3497 doing.

152 3502 188 3556 V.
214 3509 228 3558 1
244 3504 307 3559 Nor
315 3504 514 3563 doIconceiwe
524 3508 587 3563 that
595 3509 645 3564 the
653 3508 1070 3581 exceptionistobeadmitted,
1081 3509 1202 3566 oithoso

101 3586 164 3643 who
175 3593 223 3643 act
230 3587 276 3644 for
284 3589 389 3656 others,
398 3590 424 3645 if
431 3591 499 3665 thoy
506 3593 577 3649 horo
585 3595 750 3650 committed
758 3612 815 3666 any
824 3596 897 3651 fault
906 3593 985 3663 [with
993 3595 1093 3659 deecit,
1100 3593 1201 3663 J.B.];

102 3671 184 3727 forto
193 3673 278 3728 make
286 3675 489 3734 restitutionbo
496 3696 608 3752 proper,
620 3680 692 3735 fault
703 3681 849 3752 isonough
857 3681 975 3737 without
983 3681 1083 3737 deecit.
1107 3682 1201 3738 There

101 3774 152 3812 are
166 3773 245 3812 some
257 3757 319 3814 who
337 3769 456 3819 coemto
471 3764 553 3819 think
572 3764 634 3821 thet
656 3765 750 3838 things
771 3767 858 3822 taken
871 3768 901 3821 in
915 3783 980 3832 war,
994 3783 1065 3823 eron
1079 3767 1105 3822 if
1118 3767 1201 3824 there

103 3858 177 3898 were
198 3858 236 3898 no
250 3844 310 3914 just
325 3863 408 3903 come
429 3848 464 3904 oi
482 3849 531 3906 the
548 3867 614 3915 war,
633 3868 682 3908 aro
703 3859 755 3908 not
772 3860 802 3908 to
817 3854 854 3909 bo
871 3854 1006 3920 restored,
1019 3853 1139 3910 because
1150 3854 1201 3910 the

100 3926 283 4001 belligerante
297 3948 347 3988 are
367 3932 537 3990 understood
552 3942 583 3992 ιο
597 3936 669 3992 heve
682 3939 765 4009 given
776 3939 846 3995 such
860 3939 954 4012 things
970 3946 1001 3995 to
1016 3939 1065 3995 tho
1077 3946 1199 4012 captore.

101 4014 159 4070 But
178 4031 215 4071 no
231 4031 286 4072 one
300 4034 354 4072 can
374 4018 411 4074 be
428 4019 529 4093 lightiy
548 4022 699 4094 presumed
713 4030 744 4079 ιο
758 4030 802 4079 set
821 4025 865 4079 his
878 4031 1014 4097 property
1028 4040 1066 4079 on
1085 4040 1104 4078 a
1123 4030 1198 4078 eost:

100 4098 454 4159 andwaroiilsolfisfer
464 4108 596 4162 removed
610 4107 686 4162 from
708 4107 872 4165 manatura
886 4109 921 4163 of
932 4125 950 4162 a
963 4113 1100 4164 controet.
1134 4106 1201 4161 And

101 4184 132 4238 in
144 4185 228 4241 order
240 4187 304 4243 that
318 4191 431 4244 neutrel
445 4192 549 4262 parties
563 4192 654 4265 might
668 4192 739 4247 bove
760 4209 779 4246 a
800 4192 876 4247 clear
892 4192 954 4247 rulo
971 4198 1002 4247 to
1023 4190 1127 4255 follow,
1142 4191 1200 4245 aud

101 4268 194 4341 might
205 4279 256 4328 not
266 4273 304 4329 bc
315 4274 448 4331 involved
464 4276 494 4329 in
505 4293 523 4331 a
534 4294 591 4332 war
605 4279 714 4350 against
729 4276 803 4332 cheir
817 4277 881 4343 will,
895 4275 946 4332 the
960 4275 1152 4331 introduction
1168 4275 1203 4332 oi

100 4353 164 4411 that
175 4359 303 4413 external
312 4360 478 4433 ownersbip,
485 4361 519 4416 of
530 4362 621 4418 which
632 4380 674 4419 we
685 4363 757 4418 have
769 4362 885 4436 spoken,
899 4379 954 4418 was
966 4361 1092 4434 enougb;
1108 4360 1201 4417 which

99 4455 165 4514 moy
179 4444 286 4499 conciet
297 4444 366 4500 with
379 4444 430 4503 the
440 4445 564 4504 internul
575 4449 729 4523 obligation
743 4449 777 4504 oi
789 4448 959 4507 restitution.
994 4449 1033 4505 So
1055 4447 1105 4504 the
1120 4448 1201 4503 Som-

202 4586 321 4677 [osor.
340 4593 403 4682 ιιι]
1058 4547 1101 4611 13
