2986 5048
109 317 180 373 Cam
194 311 276 385 x11.]
546 318 595 371 ET
618 317 773 373 SlblILlA.

326 482 465 552 vincique
479 482 572 536 volui:
603 498 686 538 ruere
701 488 731 537 et
745 484 850 554 equari
864 483 933 548 eolo,

326 569 422 622 Etiam
436 568 596 622 arcuiseem.

182 667 206 731 4
236 666 320 732 Sene
345 666 437 730 docet
459 686 515 730 uos
536 686 626 731 sacru
648 663 781 731 historin
803 665 898 732 urbes
920 665 1071 751 quasdem
1096 688 1117 735 a
1144 670 1309 738 Decrevi

109 765 274 832 monacas
290 764 431 831 excidio:
456 763 549 829 etiam
571 772 681 829 contra
702 763 805 850 legem
820 763 904 830 illem
926 765 1104 853 generalem
1123 770 1215 834 arbo-

109 886 162 930 res
183 863 394 930 Moabitarum
413 860 517 948 jussos
537 860 684 928 exscindi.
725 863 844 929 Verum
866 885 930 928 non
951 863 1068 930 fectum
1089 864 1123 931 id
1143 867 1214 933 odio
1228 887 1296 934 rne-
1306 886 1335 925 n·
1346 888 1373 925 1⁹1

110 962 226 1040 hostili,
251 961 360 1027 sedin
377 961 494 1048 justam
511 959 748 1026 detestationem
763 960 946 1038 facinorum,
970 983 1042 1049 quse
1061 971 1117 1030 aut
1137 966 1216 1053 pub-

110 1061 169 1126 lice
185 1069 277 1127 eraut
291 1060 425 1147 cognita,
438 1066 494 1125 eut
511 1058 582 1124 Deo
594 1058 699 1145 judice
714 1059 794 1125 tanti
810 1059 973 1126 aestimate.

182 1159 246 1225 III.
283 1161 302 1223 l
330 1157 472 1223 Secundo
485 1156 609 1223 eveniet
622 1157 706 1243 quod
723 1156 857 1223 diximus
874 1158 969 1225 etiem
985 1158 1019 1224 in
1033 1157 1129 1228 dubie
1144 1162 1216 1250 egri

112 1257 312 1343 possessione,
329 1256 355 1321 si
371 1277 486 1344 magua
502 1277 573 1341 spes
594 1254 635 1320 sit
657 1255 765 1320 celeris
782 1255 929 1336 victoriae,
952 1257 1038 1344 cujus
1053 1261 1215 1344 proemium

112 1365 146 1420 et
161 1377 239 1443 eger
256 1365 289 1420 et
303 1355 422 1420 fructus
439 1353 537 1419 futuri
553 1354 624 1420 sint.
672 1353 725 1419 Sic
740 1353 920 1419 Alexander
940 1358 1076 1442 Magnus
1092 1357 1215 1434 milites,

113 1461 264 1518 narrante
283 1453 307 1516 J
309 1452 419 1532 ustiuo,
444 1474 465 1517 e
487 1451 686 1537 populatione
706 1451 790 1517 Asin
810 1452 979 1537 prohibuit,
1003 1447 1216 1540 ‘parcendum
1228 1471 1336 1512 nanto

113 1555 184 1616 onie
198 1554 293 1617 rebus
304 1554 479 1636 praufetus,
504 1572 564 1615 nec
574 1552 746 1636 perdenda
762 1572 811 1626 ea,
834 1574 905 1636 qua
924 1557 1108 1637 possessuri
1128 1578 1216 1622 uene

113 1662 201 1715 rant.
255 1650 305 1715 Sic
324 1649 480 1728 Quintius,
498 1649 643 1736 Philippo
660 1648 852 1714 Thessaliam
870 1658 1103 1717 transcurrente
1119 1675 1217 1742 popu·

112 1803 256 1863 ἀνθρώπων,
271 1803 336 1863 ἥπερ
354 1805 396 1864 ἔφ’
414 1803 522 1864 indrepd
536 1821 577 1851 oce
591 1806 638 1859 reis
688 1817 741 1850 curn
756 1818 807 1851 erem
822 1803 848 1848 ln
865 1803 958 1850 modum
972 1819 997 1851 ee
1014 1805 1123 1860 babeant,
1139 1810 1218 1869 coqe'ta

113 1879 324 1940 yvuianeirolpeas
333 1879 446 1934 ἕστηκεν.
461 1878 538 1924 ὁποῖα
548 1877 598 1938 ‘ya'p
609 1878 640 1925 dv
689 1881 718 1926 de
734 1880 824 1927 duobus
838 1881 939 1927 aarum
952 1884 1084 1929 messario
1094 1883 1216 1942 fleturum,

113 1956 167 2001 τῶν
182 1952 315 2014 α’ρχόντων
332 1954 366 1999 τα·
383 1954 446 2014 ἔργα
463 1952 510 2011 εἴη,
526 1953 643 1999 τοιοῦτον
690 1958 717 2000 nt
729 1961 772 2002 aut
782 1955 807 1999 in
817 1955 934 2001 bochello
949 1956 1055 2003 vincaris
1068 1956 1099 2003 ab
1109 1959 1218 2018 Impera-

112 2026 256 2088 ἀνάγκηκαὶ
267 2026 502 2084 ὑπὲραὺτῶνῦνομα
512 2024 644 2085 φέρεσθαι·
690 2033 748 2085 tore,
768 2035 811 2075 aut
826 2034 868 2075 tua
876 2029 982 2089 sorriana
996 2030 1029 2076 eit
1042 2033 1158 2091 superior.
1189 2033 1218 2080 se·

113 2104 220 2151 hubae
238 2104 274 2150 eia
292 2103 450 2149 minuam
469 2107 511 2159 eet,
536 2101 643 2161 rpecima
691 2109 716 2149 tn
733 2104 816 2162 vietor,
831 2118 913 2150 enerea
930 2105 994 2161 urbe,
1010 2119 1057 2152 non
1072 2107 1160 2163 αΙὶιηα,
1176 2108 1220 2154 red

113 2183 204 2225 nrnere
219 2193 301 2239 opera,
315 2180 446 2238 sapientum
464 2191 512 2224 eree
528 2182 550 2223 et
565 2176 643 2223 cicilie
690 2183 733 2224 tao
742 2177 900 2238 perdideris?
914 2180 995 2226 eadem
1009 2187 1112 2237 emata,
1123 2196 1218 2242 porree-

114 2254 169 2300 etta
181 2254 307 2300 scientum
324 2258 415 2299 nructa
431 2252 547 2307 demoliri,
561 2250 643 2296 eruno·
690 2253 756 2298 riom
762 2253 860 2311 frueris
875 2254 977 2299 omnium
991 2255 1180 2313 specioeireimar
1196 2257 1219 2304 ei

114 2342 168 2375 rure
177 2334 200 2374 et
208 2328 315 2374 vecordis
324 2327 479 2388 criminique
493 2327 528 2373 ad
535 2330 644 2386 poetam
691 2326 793 2372 aduersa
803 2327 847 2372 tibi
855 2340 909 2372 rore
918 2327 1034 2384 ceciderit,
1049 2329 1128 2375 Roma
1139 2344 1187 2390 per
1197 2335 1219 2377 te

114 2402 273 2450 nunninae
282 2401 524 2448 ammomum.
542 2400 644 2446 Romam
691 2399 809 2456 moer,
824 2402 931 2460 reposita
946 2402 989 2448 tibi
1002 2403 1048 2449 erit
1063 2405 1131 2464 apud
1146 2405 1219 2452 nicto-

115 2482 207 2524 eomtat
216 2477 317 2534 urbium,
333 2477 441 2538 qnaeed
450 2476 561 2535 adspicit,
575 2489 643 2519 maa·
691 2489 740 2521 rene
762 2476 861 2535 qratia:
888 2477 968 2524 eadem
986 2478 1089 2536 jacente,
1106 2479 1220 2537 jacebunt

115 2553 187 2599 imaro
200 2567 249 2599 cese
260 2566 290 2599 aa
303 2557 407 2611 spectatu
418 2551 598 2611 diqnieee'rnam:
614 2563 644 2596 ea
691 2554 761 2595 exero
770 2564 857 2596 omnem
865 2565 929 2609 spere
938 2552 1107 2600 mberlcorde'oe
1116 2569 1154 2601 ree
1163 2560 1217 2602 tute.

115 2642 161 2674 non
170 2628 241 2673 uniar
250 2627 331 2674 labore
347 2626 448 2671 hominio
462 2639 504 2672 nee
514 2626 577 2671 brevi
588 2630 643 2670 tern-
692 2623 775 2683 Neque
784 2629 874 2670 aarum
883 2626 962 2671 nullm
972 2626 1006 2671 ud
1018 2632 1040 2672 te
1047 2627 1220 2687 sactisruetue

113 2717 172 2762 pore
187 2701 223 2749 ad
236 2702 265 2748 e'd
282 2700 454 2761 naqwitedinir
468 2699 645 2760 splendorisque
690 2697 786 2751 redibit,
801 2698 844 2744 red
857 2703 880 2743 et
894 2698 968 2757 diona
979 2701 1051 2758 ficeto
1059 2702 1133 2759 sarna
1150 2707 1172 2748 te
1188 2704 1220 2749 ab

111 2777 237 2837 proeeeeil,
251 2774 644 2836 eedplueimireoeeatqnelmpe·
692 2772 824 2817 boninitas
844 2773 959 2818 antarta
978 2780 1095 2835 eeqeaur.
1124 2776 1174 2832 Ea,
1194 2778 1221 2823 e'n

116 2857 217 2908 ratores,
238 2852 345 2896 virorum
366 2849 512 2896 eminentiam
532 2849 644 2894 immensa
692 2852 771 2892 ubam
777 2847 834 2893 celia
840 2853 942 2906 partem,
952 2848 996 2893 tibi
1002 2854 1095 2907 parata
1105 2856 1153 2897 est.-
1165 2866 1221 2897 nare

116 2927 197 2983 urica,
220 2927 295 2972 melta
314 2925 408 2980 rocula,
432 2923 571 2969 dinitiarum
593 2927 644 2967 etn-
687 2926 808 2981 potentem
816 2922 900 2981 quales
908 2929 962 2968 eunt
972 2924 1082 2982 anione,
1091 2926 1148 2971 talis
1157 2928 1220 2973 enie-

112 3001 388 3061 pendaeonqeriee,tum
397 2999 457 3054 alia,
467 3003 515 3043 tam
524 2996 645 3057 artificum
691 2997 792 3044 rimatio.
829 2996 906 3056 (Cep.
924 2996 975 3057 22.)
1012 2998 1074 3045 Vide
1095 3005 1121 3046 et
1140 3000 1220 3060 legem

112 3079 205 3138 prinae
214 3078 260 3124 hnc
270 3082 380 3122 nuere.-
396 3075 432 3121 ita
446 3073 491 3130 illi,
507 3077 575 3118 tanta
588 3071 645 3117 erbe
692 3072 808 3119 ruderici
824 3073 846 3119 1.
862 3073 927 3132 apud
945 3073 1083 3120 Couredum
1099 3076 1220 3122 Abbnteur

115 3152 234 3211 paulatin
243 3151 331 3212 effecta
341 3152 487 3194 momenta
495 3161 542 3194 ene
547 3146 645 3192 uirtutis
693 3147 891 3207 Urepergeneem,
906 3153 933 3194 et
947 3149 977 3195 de
992 3149 1115 3197 Friderioo
1131 3153 1219 3199 comite

113 3232 170 3287 poet
181 3227 278 3285 fitteris
297 3226 422 3285 reliquere.
455 3224 536 3283 Quare
552 3222 577 3267 in
593 3235 645 3268 earn
691 3221 803 3268 Palatino
812 3222 925 3268 chronice
934 3224 1136 3273 hlelanchthonie.

117 3300 201 3345 eoeolre
216 3299 244 3344 id
257 3313 311 3344 nero
327 3297 441 3355 injuriam
455 3297 487 3342 eie
498 3297 585 3354 facere
600 3295 645 3341 tu·
735 3294 745 3330 ¹
765 3296 915 3343 Parcendum
934 3299 1069 3345 cuderetur
1086 3299 1218 3361 prosmm]

118 3389 188 3420 mano
206 3374 286 3435 ceneri
301 3374 376 3419 manle
395 3372 448 3428 oeui,
465 3371 586 3431 eripiendo
606 3371 645 3426 iis,
693 3371 801 3418 Gelimer
811 3378 836 3418 et
846 3372 949 3418 Vandali
966 3374 1102 3421 obsidentes
1118 3378 1220 3422 Cambu-

119 3448 160 3508 φη·
170 3448 309 3508 oliwfieere,
322 3448 403 3494 debite
414 3445 494 3491 laudis
503 3445 646 3500 memorium,
693 3446 783 3505 gluem,
796 3459 874 3504 neque
884 3448 978 3505 prades
986 3461 1065 3506 egere,
1081 3463 1159 3508 neque
1173 3456 1221 3497 ter·

118 3525 222 3570 emiseris
228 3521 572 3585 ueroepeetaculiooluptatow.
587 3518 648 3566 Hac
693 3532 745 3565 rem
760 3522 893 3574 murone,
908 3519 950 3564 sed
964 3533 1027 3565 curn
1043 3521 1178 3569 hahuerunt
1192 3528 1221 3570 nt

119 3774 151 3821 to
166 3765 356 3832 destructiou3
373 3767 430 3822 eud
442 3767 514 3833 thet,
530 3785 602 3824 eren
617 3768 727 3840 against
740 3766 791 3823 the
808 3767 906 3823 sacred
920 3767 974 3822 law
988 3766 1078 3822 which
1093 3784 1134 3823 we
1148 3768 1220 3823 hare

120 3851 301 3916 mentioned3
321 3852 372 3907 the
393 3860 468 3909 trees
490 3855 524 3909 of
539 3854 589 3910 the
606 3855 746 3909 Moabitas
761 3872 834 3909 wcrc
856 3855 1040 3909 commanded
1062 3860 1092 3909 to
1114 3855 1151 3910 be
1172 3860 1221 3909 cut

120 3937 202 3990 down
218 3935 248 4001 (2
260 3937 349 4008 Kinge
359 3939 397 3991 iii.
413 3935 479 4002 19);
495 3940 549 3995 but
563 3940 619 3994 thie
632 3957 689 3995 wne
702 3947 753 3995 not
768 3941 843 3996 done
857 3941 887 3994 in
900 3939 1002 3996 hostile
1017 3941 1098 4012 spite,
1118 3941 1172 3994 bnt
1190 3941 1221 3992 in

121 4022 293 4076 detestation
316 4022 350 4076 ot'
367 4023 578 4086 wickednoesee,
595 4024 687 4078 which
711 4042 785 4080 were
806 4025 897 4080 either
918 4026 1041 4097 publicly
1055 4026 1166 4088 known,
1188 4039 1221 4077 or

120 4125 203 4170 were,
216 4109 246 4161 in
261 4107 310 4161 the
322 4107 473 4177 judgment
486 4108 520 4161 of
532 4108 605 4171 God,
615 4108 725 4178 worthy
739 4109 773 4162 oi
783 4109 853 4163 euch
867 4109 1025 4163 inflictione.

175 4193 228 4246 111.
267 4199 282 4245 1
306 4193 340 4246 Iu
355 4192 404 4246 the
419 4192 521 4245 second
536 4192 624 4263 place,
639 4191 688 4245 tho
702 4192 763 4244 rulo
778 4191 868 4244 which
881 4209 924 4245 wc
938 4193 1064 4246 mention
1078 4191 1134 4243 will
1145 4190 1222 4256 hold,

121 4293 193 4332 owen
208 4278 288 4333 when
304 4278 353 4332 the
368 4277 523 4350 possession
539 4277 572 4331 of
585 4276 634 4330 tho
651 4276 718 4330 land
736 4277 759 4329 is
776 4275 915 4339 doubtful,
934 4276 960 4328 if
978 4275 1059 4329 there
1072 4275 1110 4329 be
1126 4281 1223 4347 strong

120 4364 195 4437 hope
210 4365 244 4418 oi
255 4382 273 4419 a
287 4364 393 4437 specdy
408 4363 524 4435 rictory,
544 4363 578 4418 of
589 4360 679 4416 which
694 4362 743 4417 the
757 4360 865 4417 reward
879 4361 934 4414 will
949 4361 994 4425 bo,
1009 4359 1078 4415 both
1092 4361 1141 4416 tho
1155 4361 1223 4416 land

121 4451 178 4504 aud
201 4451 237 4506 its
260 4451 353 4506 finite.
390 4450 429 4505 So
447 4448 607 4505 Alexander
627 4448 784 4504 restrained
806 4446 850 4502 his
872 4447 989 4503 soldiere
1012 4447 1085 4502 from
1106 4448 1223 4521 wasting
