2986 5048
573 456 717 521 CAPUT
741 457 801 520 III.

157 628 210 682 DE
233 625 356 682 BELLO
377 627 497 683 tusto
521 627 608 682 SIVE
631 629 802 684 SOLENNI
822 628 922 684 suun
945 627 1134 692 GENT11JM,
1152 628 1220 682 UBI

525 714 576 768 DE
600 715 838 770 INDICTIONE.

183 859 207 914 I.
259 858 369 913 Bellum
382 859 486 913 annin
501 859 577 930 juris
593 877 658 929 oon·

263 945 331 999 tinen
343 962 395 999 esse
405 945 599 999 interdicerem
606 963 657 1016 po-

255 1031 345 1102 pulos.

175 1116 213 1172 II.
258 1116 405 1170 Distinctio
422 1117 521 1188 populi
534 1119 657 1187 quamvis

259 1202 356 1274 injuste
370 1204 472 1273 mertis
483 1220 502 1255 a
516 1203 618 1273 piratis
632 1212 655 1256 et

260 1288 417 1342 latronibus.

165 1373 219 1427 ΙΙΙ.
256 1375 438 1429 Mutationem
457 1375 593 1428 interdurn
612 1374 654 1428 e'n·

260 1461 353 1516 cidere.

168 1545 219 1601 IV.
259 1547 375 1618 Requiri
393 1547 432 1600 ad
447 1555 578 1601 naturam
594 1548 654 1601 belli

258 1632 381 1696 somnis,
400 1642 431 1686 ut
450 1642 585 1687 auctorem
604 1636 653 1686 ha·

262 1719 320 1771 beat
346 1735 414 1781 eum,
440 1720 487 1788 qui
517 1737 653 1772 murenam

257 1812 413 1873 potestatem
443 1805 553 1858 habeat:
582 1807 654 1875 quod

260 1891 389 1958 quomodo
402 1889 610 1960 intelliytndum.

172 1973 207 2026 V.
259 1975 649 2046 chrtimotdonunts'atlonem.

164 2059 215 2115 VI.
259 2061 334 2127 Quid
350 2062 380 2115 in
398 2062 597 2116 dennmiatione
617 2065 651 2118 u’t

250 2147 326 2218 juris
351 2157 470 2211 naturae,
496 2149 563 2218 qnid
583 2167 650 2220 pro-

252 2233 350 2303 prium
360 2234 436 2305 juris
450 2236 578 2303 continno,
596 2236 650 2289 dis-

256 2319 335 2373 tinctc
346 2319 504 2390 aeplc'oatnr.

731 859 812 914 VIII.
843 860 911 926 Qua
933 862 964 914 s'n
989 861 1232 916 denuntiationibus

837 947 891 1000 sint
902 947 977 1019 juris
991 947 1083 1012 civilis,
1100 965 1155 1001 non
1168 966 1232 1019 ptor-

838 1033 915 1087 tium.

744 1117 796 1171 IX.
836 1118 944 1172 Bellum
956 1119 1040 1172 alicui
1051 1120 1182 1173 indictum
1194 1122 1232 1173 ei-

836 1205 895 1258 mul
905 1206 1036 1259 indutum
1045 1223 1095 1259 use
1104 1207 1158 1277 ejus
1169 1208 1230 1260 sub-

837 1291 900 1344 ditis
923 1299 947 1345 ct
969 1292 1045 1345 sociis
1067 1310 1122 1361 qua
1140 1292 1229 1364 ipsum

835 1386 999 1446 sequnntur:

748 1461 786 1515 X.
834 1463 898 1515 Non
905 1481 960 1533 qna
965 1480 1050 1534 poree
1057 1465 1227 1518 consideran-

836 1556 898 1601 tur.-
917 1551 989 1619 quod
1008 1551 1132 1619 woncpls's
1151 1550 1228 1602 illus-

836 1642 937 1689 tratur.

741 1717 794 1772 XI.
835 1718 926 1772 Causa
943 1737 993 1772 cur
1009 1719 1175 1773 denuntiatio
1190 1722 1229 1773 ad

834 1805 937 1874 effectus
951 1805 1081 1876 owedom
1101 1806 1225 1876 requira-

834 1899 887 1944 tur.

733 1975 801 2030 XH.
833 1976 893 2030 Hos
911 1977 1013 2046 effectus
1033 1995 1089 2030 non
1111 1979 1225 2049 reposui

830 2062 861 2115 in
873 2064 936 2116 aliie
951 2063 1029 2116 batis.

723 2148 806 2204 XIII.
829 2149 938 2202 Bellum
954 2167 992 2202 an
1005 2148 1165 2220 motumque
1180 2151 1223 2204 in-

830 2235 931 2289 dictum
944 2245 987 2300 eet,
1000 2237 1059 2306 ocri
1065 2237 1158 2306 possit.

725 2319 803 2373 XIV.
830 2320 878 2374 An
891 2322 1099 2375 indiocndnmci
1118 2323 1165 2392 qni
1173 2322 1221 2393 jas

156 2403 223 2457 VII.
254 2404 434 2459 Denuntiatio
450 2405 648 2459 aliaconditio·

256 2499 333 2555 nata,
344 2491 403 2544 aliu
409 2509 495 2561 puro.

830 2407 967 2479 locationis
981 2408 1098 2462 uiolauit.

124 2636 151 2703 1.
191 2637 210 2700 1
235 2638 428 2792 'SUPRA
445 2637 548 2703 dicere
564 2636 733 2724 incepimus
746 2638 864 2724 justum
880 2639 996 2705 bellum
1008 2641 1092 2726 apud
1108 2640 1224 2725 probos

321 2745 464 2803 auctores
479 2736 539 2802 dici
554 2759 646 2823 saepe,
665 2759 728 2802 non
744 2760 784 2802 ex
800 2759 893 2802 eausa
905 2739 987 2802 unde
1001 2739 1109 2812 oritur,
1122 2758 1223 2822 neque

124 2842 160 2901 ut
181 2833 259 2899 alias
283 2857 324 2900 ex
348 2857 454 2901 rerum
479 2845 639 2924 gestarum
664 2835 886 2924 magnitudine,
910 2837 965 2902 sed
988 2836 1028 2901 ob
1053 2835 1223 2923 peculiares

124 2933 275 3019 quosdam
293 2933 373 3019 juris
396 2934 532 3001 effectus.
580 2935 680 3013 Quale
700 2946 805 3001 autem
825 2936 866 3002 sit
887 2936 946 3002 hoc
970 2937 1084 3002 bellum
1106 2935 1222 3022 optime

124 3030 311 3118 intelligitur
333 3055 372 3098 ex
396 3033 530 3099 hostium
561 3034 739 3101 definitione
767 3036 851 3123 apud
877 3037 1035 3102 Romanos
1062 3036 1220 3102 Jurisoon-

123 3129 241 3196 nultos:
265 3132 368 3198 bosra
383 3147 459 3199 eunt
476 3137 533 3220 qni
549 3136 649 3212 nobis,
668 3148 728 3200 out
744 3137 867 3222 quibus
882 3160 940 3203 nos
958 3138 1088 3222 publice
1106 3137 1221 3202 bollum

122 3232 345 3298 decernimus:
378 3236 475 3298 ecterc'
504 3235 645 3300 latrones
672 3248 732 3300 aut
751 3239 921 3321 praedones
946 3250 1030 3313 sunt,
1060 3235 1104 3300 ait
1131 3236 1220 3298 Pom·
1235 3260 1354 3355 pepe&h

481 3400 492 3427 ¹
507 3391 599 3454 Supra]
614 3393 667 3439 Lib.
680 3406 698 3440 1.
708 3407 760 3454 cap.
771 3393 804 3439 iii.
817 3393 865 3454 §4-

826 3534 901 3542 ---

147 3637 285 3693 Omma
304 3636 358 3691 111.
406 3636 453 3706 Of
463 3656 481 3690 a
495 3638 558 3691 Just
572 3657 604 3692 or
619 3638 731 3692 Formal
750 3638 821 3692 War
835 3640 868 3709 by
883 3639 923 3692 the
936 3636 1008 3691 Law
1021 3636 1058 3705 os
1065 3633 1181 3689 Nations
1189 3655 1200 3695 ,-

402 3724 460 3776 and
473 3724 560 3778 bertin
574 3726 612 3793 qs
618 3725 796 3779 Declaration
810 3726 847 3795 os
859 3725 937 3778 War.

175 3839 199 3893 1.
238 3847 253 3894 1
276 3842 330 3897 We
350 3841 422 3897 here
439 3844 528 3900 abore
545 3844 640 3917 begun
657 3853 687 3902 to
708 3863 758 3918 say
778 3847 841 3901 thet
858 3864 887 3912 a,
891 3848 950 3919 just
966 3862 1024 3900 aar
1047 3845 1071 3900 Is
1091 3843 1171 3899 often
1189 3859 1221 3898 so

119 3924 212 3980 called
227 3927 258 3980 iu
277 3929 450 3997 respectable
464 3930 589 3994 authors,
611 3939 662 3986 not
676 3931 752 3986 from
770 3932 820 3986 the
837 3949 920 3986 cnuse
940 3932 971 3984 in
989 3929 1079 3984 which
1099 3929 1123 3982 it
1137 3928 1220 3996 origi·

118 4020 210 4076 natea
224 4027 279 4066 nor
292 4012 366 4067 from
377 4014 426 4069 the
437 4015 512 4070 scale
527 4016 560 4069 of
569 4016 619 4071 the
630 4023 811 4080 monomenta
825 4016 878 4070 but
891 4032 929 4070 on
940 4020 1060 4069 account
1071 4014 1105 4066 of
1113 4011 1220 4064 certain

117 4097 246 4170 peculier
262 4098 338 4169 jural
357 4100 461 4155 effecte.
496 4101 582 4155 What
596 4101 665 4155 kind
685 4101 718 4155 of
736 4116 793 4154 war
810 4098 867 4153 ahts
881 4102 913 4162 is,
930 4100 954 4153 is
966 4099 1030 4151 best
1048 4095 1220 4150 understood

115 4185 191 4238 from
207 4184 257 4238 the
271 4184 419 4239 defluition
436 4186 470 4240 of
480 4202 517 4239 an
529 4202 630 4257 enemy
647 4186 678 4239 in
692 4185 741 4239 the
760 4185 871 4238 Roman
885 4184 991 4239 lurist:
1013 4182 1094 4236 Ibose
1107 4196 1154 4234 are
1169 4198 1220 4236 our

115 4272 226 4326 monia
240 4271 299 4324 who
314 4271 436 4341 publicly
450 4272 553 4324 declaro
569 4288 631 4324 war
648 4271 756 4342 ayainu
769 4288 801 4324 us
812 4286 845 4323 or
858 4288 896 4324 wc
907 4269 1014 4340 apoinet
1027 4269 1113 4323 them.-
1135 4267 1220 4325 others

116 4373 165 4410 ore
176 4357 283 4411 robbere
294 4372 327 4408 or
334 4357 446 4426 pirata,
460 4372 523 4429 says
535 4357 714 4429 Pomponius.
749 4355 860 4411 Audeo
874 4356 989 4429 Ulpiae,
1003 4354 1123 4427 adding:
1139 4354 1219 4412 there·
