2986 5048
272 305 313 367 18
532 311 724 375 QUANTUM
746 311 789 366 IN
810 313 935 369 BELLO
957 314 1104 378 nicasi,
1234 312 1306 385 [Lm.
1322 319 1380 374 lll.⁴

274 474 418 541 Diximus
435 473 516 539 enim
532 473 585 562 jus
602 474 742 562 gentium
760 473 828 550 diei,
847 483 880 540 et
896 475 979 560 quod
995 475 1124 564 singulis
1145 478 1293 565 gentibus
1309 483 1379 568 pla-

273 575 336 641 cuit
357 573 423 639 sine
448 584 556 640 mutua
577 574 774 662 obligatione,
793 583 826 639 et
842 574 874 638 id
892 575 975 660 quod
993 584 1131 642 mutuam
1152 577 1378 666 obligationem

273 674 305 741 iu
322 696 356 739 se
371 675 517 740 eontinet.
568 675 686 740 ⁴Voces
704 696 790 762 ergo,
810 682 843 738 et
865 683 968 750 nutus,
988 683 1020 740 et
1035 685 1119 740 notae
1135 697 1213 761 quaa
1230 677 1376 758 diximus,

274 782 400 861 reperta
421 782 494 840 suut
519 774 561 839 ad
585 772 819 862 significandum
844 795 914 839 eum
939 783 1046 840 mutua
1069 775 1269 863 obligatione,
1290 782 1376 865 quod

149 893 172 930 a
219 918 225 929 ·
275 874 459 940 Aristoteles
483 873 564 940 dixit
588 868 676 941 κατὰ
699 868 879 953 credisne:
905 895 956 938 res
975 873 1045 939 aliae
1067 896 1129 938 non
1150 875 1234 941 item.
1289 879 1375 946 Hinc

109 950 121 978 ⁰
274 976 312 1039 fit
338 978 394 1038 ‘lut
422 974 516 1039 rebus
540 973 607 1039 aliis
634 972 681 1039 uti
703 972 803 1047 liceat,
830 972 950 1038 etiamsi
978 973 1206 1058 praevideamus
1233 976 1375 1044 futurum

274 1083 310 1140 ut
344 1073 424 1138 alter
455 1073 529 1139 inde
557 1072 666 1138 falsam
693 1071 846 1158 concipiat
871 1071 1053 1159 opinionem.
1106 1074 1233 1159 Loquor
1266 1076 1306 1141 de
1337 1100 1374 1144 eo

274 1173 357 1260 quod
380 1172 579 1238 intrinsecum
605 1180 746 1247 estnon
774 1170 814 1237 de
841 1193 878 1236 eo
905 1172 988 1256 quod
1011 1170 1132 1237 accidit.
1161 1175 1296 1260 'Itaque
1319 1198 1369 1242 ex-

274 1272 409 1360 emplum
430 1274 605 1359 ponendum
632 1280 688 1348 est,
712 1270 781 1339 rubi
805 1271 924 1336 nullum
949 1271 1089 1356 sequitur
1111 1270 1184 1337 inde
1209 1295 1375 1341 nocumen-

274 1382 351 1448 tum,
367 1379 423 1437 aut
439 1373 493 1438 ubi
510 1381 725 1438 nocumentum
750 1370 862 1457 ipsum,
886 1371 1021 1457 seposita
1038 1370 1100 1435 doli
1118 1371 1372 1453 consideratione,

273 1471 390 1538 licitum
408 1480 463 1538 est.

109 1581 262 1623 weda-⁹⁸*
350 1575 371 1636 3
398 1570 516 1635 Prioris
538 1568 713 1656 exemplum
739 1576 787 1634 est
819 1567 852 1632 in
883 1568 1018 1646 Christo,
1048 1568 1101 1655 qui
1133 1571 1217 1657 apud
1247 1572 1374 1639 comites

274 1671 479 1737 Emauutinos
496 1671 735 1763 προσεποιεῖτο
752 1667 799 1733 ire
813 1667 945 1756 longius,
962 1668 996 1733 id
1013 1677 1070 1742 est,
1087 1669 1220 1756 speeiem
1235 1672 1375 1757 praetulit

273 1771 348 1837 ituri
373 1769 503 1859 longius,
528 1770 586 1835 nisi
609 1768 749 1835 malimus
769 1789 844 1833 vere
867 1789 989 1853 quoque
1011 1767 1142 1834 voluisse
1159 1790 1229 1834 eum
1245 1769 1292 1836 ire
1308 1771 1374 1836 lon-

273 1871 352 1959 gius,
373 1871 431 1936 sub
453 1869 627 1936 conditione
649 1877 754 1934 tamen
776 1867 835 1932 nisi
856 1889 970 1956 magno
993 1867 1061 1931 nisu
1083 1867 1283 1946 retineretur,
1299 1892 1374 1956 quo·

273 1971 365 2036 modo
391 1978 424 2036 et
448 1970 536 2034 Deus
561 1969 659 2033 multa
684 1968 763 2032 velle
790 1966 903 2032 dieitur
928 1988 998 2052 quae
1024 1988 1087 2031 non
1114 1967 1214 2033 liunt:
1242 1977 1276 2034 et
1300 1969 1374 2036 alibi

110 2085 257 2126 Marc-vite
275 2070 418 2136 Christus
440 2069 507 2152 ipse
531 2066 643 2132 dieitur
668 2065 800 2130 voluisse
823 2067 985 2152 preterire
1005 2066 1161 2152 apostolos
1181 2066 1374 2155 navigantes,

273 2189 385 2254 nempe
413 2165 472 2231 nisi
501 2165 638 2252 impense
666 2173 834 2252 rogaretur
860 2187 971 2230 navem
998 2165 1173 2231 ascendere.
1230 2166 1375 2234 Alterum

318 2343 328 2371 ⁴
344 2343 412 2400 Heio,
428 2345 457 2388 ut
473 2342 498 2387 in
515 2345 569 2388 toto
584 2345 728 2401 argumento
745 2342 799 2399 isto,
847 2357 900 2390 rans
913 2345 1032 2404 concipiat
1044 2341 1186 2404 opinionem]
1203 2342 1265 2390 Vide
1275 2343 1376 2404 Augus.

273 2418 432 2466 conferendus
451 2421 568 2477 perpetuo
589 2417 800 2474 Purnanonrrus,
848 2421 926 2466 tinum
943 2419 972 2466 de
987 2420 1106 2466 Doctrina
1125 2418 1266 2465 ίονίιιίαπα
1280 2419 1335 2468 Lib.
1346 2433 1375 2468 ur.

273 2494 314 2540 De
329 2493 392 2540 Jure
405 2492 466 2538 Nat.
481 2496 504 2538 et
518 2491 585 2539 θοοὶ.
603 2490 656 2537 Lib.
665 2504 700 2537 xv.
717 2505 769 2551 cap.
778 2495 800 2548 l,
850 2508 903 2554 eap.
914 2497 952 2541 34.

272 2583 326 2615 eum
344 2568 415 2614 Notis
431 2567 526 2624 nostris,
546 2567 588 2613 ubi
604 2580 643 2612 res
662 2567 800 2612 adcuratius
894 2569 1376 2632 rUbirevelluntindeaeqtn'turrreettnren·

271 2648 442 2704 pertractatur,
457 2643 482 2688 in
498 2642 576 2688 altera
593 2641 725 2702 praesertim
740 2641 799 2687 Edi·
849 2643 908 2705 tam]
925 2645 959 2692 Ut
971 2645 996 2692 in
1006 2646 1072 2693 laeto
1082 2647 1203 2704 Micholis,
1220 2663 1238 2696 1.
1251 2650 1314 2699 Sam.
1325 2651 1374 2698 xix.

270 2719 344 2767 tione.
374 2719 445 2767 J.B.
849 2719 885 2768 16.

317 2805 328 2839 ‘t
347 2797 381 2844 Ut
396 2795 464 2843 rebus
483 2796 541 2843 aliia
557 2798 594 2843 att'
609 2797 687 2852 liceat,
706 2793 799 2841 etiamsi
893 2794 1075 2855 ‘Olaovoptlavl
1098 2797 1136 2844 Sic
1154 2799 1216 2844 hano
1236 2800 1375 2858 vocandam,

267 2872 562 2933 proeoideamuefitturum
571 2878 597 2920 al
611 2874 672 2920 alter
682 2870 799 2930 indefel·
848 2883 897 2915 nou
913 2869 1014 2924 ἀπάτην
1029 2870 1053 2915 id
1068 2876 1105 2917 est
1119 2873 1234 2930 fraudem,
1248 2875 1282 2921 ait
1297 2875 1373 2936 Chry·

271 3105 362 3160 which
373 3104 430 3159 had
449 3105 522 3160 been
537 3106 708 3161 established
724 3106 763 3177 ογ
782 3110 911 3176 separate
927 3106 1038 3160 natione
1052 3106 1171 3162 without
1185 3108 1294 3163 mutual
1307 3124 1374 3163 oon·

270 3191 444 3254 nexion,and
452 3196 482 3244 ιο
491 3190 555 3244 that
564 3190 653 3245 which
663 3192 956 3246 containsaeommon
966 3190 1075 3244 mutual
1084 3191 1247 3262 obligation.
1271 3193 1373 3249 Words

271 3277 349 3340 then,
368 3276 424 3329 and
435 3276 514 3340 nods,
527 3277 583 3330 aud
599 3277 648 3332 tho
666 3278 777 3332 written
793 3275 952 3330 characters
963 3272 1054 3327 which
1066 3290 1107 3327 we
1118 3273 1190 3329 have
1202 3279 1373 3343 mentioned,

270 3362 342 3417 hare
353 3362 426 3417 been
438 3362 570 3417 invented
585 3369 615 3417 ιο
630 3363 732 3434 signify
744 3378 762 3415 a
773 3359 905 3428 meaning
916 3357 982 3412 with
995 3357 1105 3411 mutual
1116 3358 1279 3428 obligation,
1291 3376 1324 3414 or
1335 3361 1374 3434 ογ

270 3448 454 3513 convention;
477 3448 529 3502 but
543 3447 625 3504 other
639 3449 741 3519 things,
750 3452 801 3501 not
812 3460 852 3501 so.
884 3443 982 3498 Hence
995 3460 1035 3497 we
1046 3459 1112 3514 may
1124 3460 1173 3497 use
1185 3442 1267 3499 other
1278 3444 1373 3519 things

270 3534 407 3607 although
417 3551 459 3590 we
470 3535 579 3591 foreseo
597 3535 659 3588 that
674 3530 794 3588 another
807 3544 911 3601 person
929 3528 986 3582 will
1005 3528 1159 3584 therefrom
1177 3528 1251 3584 form
1269 3548 1288 3585 a
1301 3532 1374 3589 false

271 3623 394 3693 opinion.
433 3621 448 3675 I
471 3621 558 3691 spealx
581 3620 614 3673 of
635 3617 709 3672 what
731 3617 755 3670 ia
777 3613 912 3676 intrinsic,
935 3621 986 3669 not
1007 3615 1040 3669 of
1058 3614 1133 3669 what
1158 3631 1222 3686 may
1247 3615 1371 3690 happen.

271 3704 425 3760 Therefore
440 3722 482 3758 we
499 3710 575 3759 must
593 3704 660 3758 take
679 3718 717 3756 an
735 3699 863 3771 example
884 3697 977 3755 where
998 3716 1035 3755 no
1057 3701 1176 3772 damage
1192 3702 1321 3769 follows3
1340 3722 1373 3760 or

270 3788 363 3844 where
378 3788 427 3841 the
442 3789 568 3856 damage,
579 3789 684 3857 settiug
694 3785 771 3840 aeide
783 3784 832 3840 the
844 3785 1094 3843 considerationes
1105 3787 1205 3852 deecit,
1218 3789 1240 3844 is
1255 3790 1359 3845 lawsul.

326 3879 343 3928 3
366 3872 406 3927 Of
424 3871 474 3926 the
490 3871 596 3925 former
609 3870 678 3924 kind
693 3886 734 3924 we
749 3868 820 3926 hare
840 3887 877 3924 au
897 3873 1026 3943 example
1045 3873 1075 3927 in
1096 3873 1198 3939 Christ,
1217 3875 1288 3941 who,
1304 3876 1372 3930 har·

270 3961 320 4030 ing
336 3956 536 4028 accompanied
556 3956 606 4011 the
628 3957 757 4027 disciplet
775 3964 805 4012 to
823 3957 966 4021 Emmaus,
987 3961 1067 4014 mode
1088 3978 1119 4015 aa
1137 3961 1169 4030 is
1185 3963 1215 4016 hc
1232 3963 1323 4017 would
1337 3980 1372 4033 9⁰

262 4047 394 4121 sortiter:
412 4042 449 4098 ho
465 4042 621 4115 pretended
643 4049 674 4098 to
698 4043 796 4098 intend
814 4048 845 4098 to
860 4043 896 4098 do
917 4061 965 4099 sor
988 4052 1089 4118 except
1104 4063 1144 4102 we
1159 4048 1255 4119 prefer
1275 4055 1305 4103 to
1323 4064 1373 4118 say

270 4133 382 4189 thatbc
397 4131 445 4185 did
457 4131 555 4185 intend
571 4136 601 4185 to
614 4147 651 4202 go
665 4130 776 4185 further
790 4136 890 4202 except
900 4131 937 4185 he
949 4148 1021 4188 were
1034 4133 1166 4188 detained
1180 4135 1218 4204 by
1231 4150 1370 4204 urgeney:

269 4238 300 4275 as
324 4220 387 4275 God
406 4221 428 4273 is
451 4218 510 4272 said
529 4225 559 4273 to
578 4217 675 4272 intend
694 4235 777 4288 many
796 4216 889 4289 things
913 4218 1002 4271 which
1022 4219 1058 4273 do
1077 4227 1128 4274 not
1149 4235 1229 4274 come
1251 4225 1281 4273 to
1299 4235 1372 4289 pase.

270 4307 334 4359 And
355 4307 384 4358 in
407 4306 527 4360 another
549 4305 628 4376 placo
652 4305 753 4368 Christ,
776 4305 798 4358 it
817 4305 841 4358 is
862 4305 931 4369 said,
958 4303 1053 4370 (Mar-k
1072 4307 1108 4359 vi.
1129 4303 1177 4370 48)
1199 4305 1290 4358 would
1308 4305 1374 4358 leave

266 4392 365 4461 posted
383 4393 415 4459 ογ
438 4390 487 4445 the
511 4391 655 4462 disciples:
678 4389 741 4445 that
766 4391 799 4454 is,
821 4390 847 4443 il
865 4389 902 4444 he
924 4388 981 4442 bad
1003 4396 1054 4444 not
1076 4390 1150 4444 been
1172 4390 1302 4460 urgently
1324 4406 1374 4443 en·

269 4474 380 4530 treated
393 4480 422 4528 ιο
437 4491 517 4530 come
531 4476 592 4529 into
606 4474 655 4530 the
666 4473 738 4545 ship.
766 4475 819 4529 We
831 4490 897 4546 may
907 4474 971 4544 gire
983 4474 1102 4530 another
1113 4475 1242 4546 example
1253 4475 1282 4528 in
1291 4474 1374 4538 Paul,
