2986 5048
274 317 337 378 Ill
445 325 496 378 Du
518 323 617 378 JUltll
638 322 882 386 ACQUIRENDI
903 321 1027 376 BELLO
1051 318 1184 375 CAPTA.
1230 315 1308 387 [lare.
1322 319 1378 374 111.

274 499 378 556 tamen
395 487 504 553 validis
519 488 551 553 iu
568 487 756 554 contrarium
773 486 1004 573 probationibus
1023 482 1122 572 pessit
1136 481 1222 548 elidi
1267 483 1378 569 Atque

274 588 318 653 ita
338 587 370 650 in
393 585 560 652 Hellandia
579 595 686 651 nostra
706 586 770 671 jam
793 585 875 661 elim,
897 606 978 650 anno
999 582 1115 649 scilicet
1131 582 1377 647 clocooxxxm

274 687 428 774 flagrante
448 708 516 750 cum
538 685 701 751 Ansiaticis
717 685 807 764 belle,
831 682 987 769 frequenti
1008 688 1119 748 senatu
1134 680 1321 767 judicatum,
1345 688 1377 746 et

275 807 314 850 ex
328 784 465 871 judicato
482 785 514 847 in
531 783 632 872 legem
647 784 803 849 transiisse
820 782 965 869 comperi.

349 882 426 948 VII.
469 885 487 946 1
523 882 604 948 lllud
625 905 701 947 vero
724 890 814 947 extra
835 880 1076 947 controversiam
1098 884 1156 953 est,
1178 876 1206 942 si
1223 876 1279 963 jus
1302 899 1377 966 gen·

274 979 352 1045 tium
377 980 565 1066 respicimus,
592 1002 662 1066 quae
685 980 825 1045 hostibus
845 1001 904 1066 per
928 1000 984 1045 nos
1006 985 1117 1065 erepta
1139 984 1222 1052 suut,
1248 998 1290 1041 ea
1314 998 1375 1041 non

274 1100 364 1165 pesse
386 1078 537 1145 vindicari
556 1080 597 1144 ab
614 1078 662 1143 his
685 1079 826 1163 quiante
847 1079 952 1144 hostes
974 1086 1097 1142 nostros
1115 1097 1155 1141 ea
1170 1074 1377 1160 possdemt

275 1185 308 1243 et
330 1178 410 1243 bello
433 1176 618 1243 amiserant:
644 1176 717 1262 quia
735 1177 787 1262 jus
804 1177 943 1264 gentium
960 1176 1065 1241 hostes
1083 1173 1219 1261 primum
1236 1172 1377 1238 dominos

275 1276 349 1342 iecit
369 1275 503 1343 dominio
525 1285 666 1351 externo,
690 1274 801 1340 deiude
820 1297 896 1341 uos:
915 1297 977 1361 que
994 1275 1067 1360 jure
1088 1270 1251 1339 interulis
1269 1280 1377 1338 tuetur

275 1397 309 1440 se
325 1377 348 1440 J
349 1377 481 1462 ephthes
493 1385 602 1440 centra
615 1374 816 1455 Ammonitas,
834 1373 907 1459 quia
922 1395 1000 1461 ager
1010 1372 1063 1437 ille
1079 1393 1172 1459 quem
1187 1370 1376 1435 Ammonitae

275 1472 471 1540 vindicabant
488 1474 559 1539 belli
567 1472 639 1559 jure
656 1473 696 1538 ab
710 1472 907 1548 Ammonitis,
925 1481 961 1538 ut
977 1482 1010 1538 et
1024 1492 1097 1557 pars
1112 1470 1176 1535 alia
1191 1489 1213 1534 a
1229 1467 1378 1534 Moabitis

275 1572 317 1638 nd
346 1574 515 1649 Amoraeos,
541 1573 581 1638 ab
610 1572 761 1636 Amoraeis
790 1571 831 1636 ad
858 1570 1011 1636 Hebraeos
1031 1568 1214 1635 transiisset.
1253 1559 1323 1633 iSic
1346 1574 1380 1632 et

275 1672 381 1739 David
399 1672 481 1758 quod
493 1672 559 1758 ipse
577 1670 763 1745 Amalecitis,
782 1669 961 1735 Amalccitae
976 1676 1070 1734 autea
1082 1664 1257 1733 Palaestinis
1274 1666 1378 1752 eripu-

174 1760 180 1772 ’
276 1780 376 1848 eraut,
393 1793 449 1857 pre
466 1793 521 1835 suo
535 1771 682 1835 habetne
697 1768 815 1834 dividit.

349 1871 370 1933 2
404 1870 492 1935 Titus
521 1867 655 1955 Largius
681 1866 764 1953 apud
792 1865 979 1955 Dionysium
1008 1864 1320 1947 Hshcarnassensem
1345 1862 1377 1928 in

275 1976 385 2031 senatu
407 1968 548 2031 Romano
563 1959 652 2029 licum
669 1964 772 2029 Volsci
792 1965 863 2029 elim
884 1986 1024 2050 possessa
1039 1971 1230 2049 repeterent,
1252 1970 1377 2027 seuten-

276 2063 351 2127 tiam
368 2063 410 2127 sic
427 2059 566 2127 dixit2⁴
548 2091 604 2128 οτι
623 2057 778 2137 Ρωμαῖοι
796 2067 978 2135 καλλίστας
997 2057 1281 2145 υτολαμβάνομεν
1298 2057 1377 2141 κτή-

276 2163 441 2228 uelocitas
459 2188 510 2224 και
504 2152 784 2235 δικαιοτάτας,
763 2189 799 2232 ας
817 2158 1040 2254 κατάσχωμεν
1054 2156 1191 2283 πολέμῳ
1204 2154 1376 2244 λαβόντες

275 2254 328 2321 καί
354 2285 445 2343 νομιρ,
471 2255 523 2322 καί
545 2253 600 2323 οὑκ
619 2249 659 2323 ἂν
684 2252 910 2340 υπομείναιμεν
930 2261 1036 2381 μωρῖρ
1059 2255 1120 2340 τῆν
1140 2254 1266 2350 ἆρετῆν
1288 2252 1376 2351 ἅψει

277 2354 370 2427 vient,
393 2345 652 2443 παραδόντες
613 2381 716 2424 αντας
735 2356 805 2426 τοῖς
826 2353 1070 2427 απολωλεκόσι
1106 2351 1319 2437 κοινωνητᾶαν
1336 2384 1376 2423 τε

275 2452 359 2517 πᾶσι
378 2450 430 2517 καί
447 2452 518 2522 τοῖς
534 2447 571 2519 ἐκ
588 2480 718 2521 τουτων
731 2452 913 2542 γενομένοις
926 2459 1124 2525 καταλιπεῖν
1136 2451 1374 2545 ἇγωνιανμεθα·

275 2576 328 2614 ννν
353 2541 425 2615 lt
408 2544 628 2642 υπαρχόντων
655 2543 712 2631 ἤδη
733 2550 973 2641 στερησόμεθα,
999 2553 1053 2621 καί
1073 2550 1206 2626 &cereris
1229 2549 1295 2621 ὅσα
1317 2582 1376 2621 το-

273 2647 404 2721 λεμίονς
428 2645 625 2740 βλάψομεν.
680 2653 824 2716 Romani
848 2674 906 2717 aee
931 2655 1172 2719 benectiaeimas
1196 2674 1255 2718 eac
1276 2665 1377 2738 atque

266 2746 469 2829 jmtisaimos
501 2752 661 2817 credimue
686 2752 907 2835 masconensis,
941 2773 1025 2836 quas
1054 2753 1130 2818 belli
1162 2752 1229 2836 lege
1259 2763 1377 2835 captas

274 2846 448 2912 hebemus:
470 2870 570 2933 neque
595 2871 669 2915 cere
693 2849 807 2913 induci
827 2870 1001 2932 pessumus
1023 2862 1059 2915 ut
1083 2850 1187 2915 stulta
1201 2851 1379 2933 facilitate

274 2945 436 3008 dehemus
458 2948 594 3010 virtutis
611 2958 825 3026 memento,
847 2948 879 3010 ci
894 2968 951 3012 eae
967 2948 1038 3012 illis
1058 2950 1240 3013 reddamus
1260 2949 1379 3033 quibus

273 3109 388 3153 mercium
399 3110 528 3154 commissis
538 3112 739 3172 cenavisset
747 3113 799 3172 ejus
848 3113 946 3160 reticem
957 3129 986 3165 ιι.
996 3117 1061 3177 Reg.
1070 3117 1117 3164 xvi.
1127 3116 1151 3166 6.
1179 3116 1376 3178 [Scdlsotioille

273 3181 388 3238 opuscula
397 3185 535 3227 exereset
543 3184 721 3244 Bynlrsrshoslr,
731 3186 799 3245 w.
848 3189 934 3236 vitiosa
948 3197 992 3239 est.
1021 3193 1084 3239 Vide
1097 3193 1132 3239 ibl
1148 3192 1248 3242 enites
1264 3194 1376 3242 cumei

275 3254 374 3301 Petit
388 3256 424 3299 14.
454 3255 481 3302 J.
493 3255 534 3316 B.]
849 3263 946 3313 Netum.
975 3266 1058 3327 .Ῑ.Β.]

319 3328 326 3363 ¹
341 3330 414 3377 Sicci
423 3330 519 3391 Dauid]
536 3331 574 3378 Sic
585 3332 659 3378 Rasin
670 3346 713 3379 rex
723 3332 798 3394 syris
893 3336 905 3373 Ι
921 3338 981 3386 Cum
992 3340 1080 3402 Volsci]
1096 3341 1135 3389 De
1141 3342 1210 3390 Veiis
1218 3342 1284 3391 idam
1293 3344 1321 3390 in
1328 3345 1379 3392 Bo·

274 3404 385 3451 Elethem
397 3406 488 3464 urbem,
504 3420 557 3467 qum
567 3407 728 3455 idumaeorum
744 3410 797 3456 lue·
848 3413 914 3459 mmo
927 3420 1010 3461 narrat
1022 3416 1179 3463 Plutarchus:
1195 3416 1281 3473 οίηῖοι
1295 3418 1379 3480 degis

274 3484 321 3539 rat,
331 3494 379 3527 non
390 3481 502 3529 Idumssls
512 3482 554 3529 sed
564 3482 628 3542 Syris
642 3484 741 3529 tradidit
753 3485 797 3530 hs·
849 3483 1002 3539 ίτοιιὶσσντσ
1011 3485 1125 3546 ταλίμσν
1135 3485 1241 3546 elisium
1254 3486 1378 3535 ιίταιτεῐν

274 3555 406 3612 bibendam,
423 3560 553 3605 secundnm
568 3558 695 3605 lectionem
717 3560 797 3606 Maso-
848 3558 881 3607 νίς
889 3559 1068 3618 προσήκουσαν
1077 3563 1171 3608 αὐτοῖς.
1189 3561 1223 3607 τὸ
1237 3560 1258 3608 δ’
1268 3561 1314 3609 οὐκ
1323 3560 1377 3610 ‹its-

272 3795 379 3864 juclged
399 3799 429 3849 in
447 3798 500 3853 full
520 3806 617 3855 senate
640 3801 678 3873 by
696 3818 749 3857 our
773 3805 942 3863 Hollnnders
959 3809 990 3862 in
1008 3811 1087 3871 1333,
1101 3806 1183 3864 when
1202 3823 1221 3862 a
1242 3823 1303 3863 var
1320 3823 1377 3863 was

276 3880 375 3949 raging
389 3881 456 3934 with
468 3882 516 3938 the
528 3884 624 3937 Hense
637 3891 741 3951 towns3
759 3891 815 3943 and
827 3891 876 3946 the
886 3893 1036 3964 Judgment
1051 3893 1103 3946 hes
1114 3890 1233 3947 become
1244 3892 1308 3948 law.

327 3965 393 4018 VII.
429 3971 444 4019 1
468 3966 524 4021 But
539 3967 629 4022 thiais
646 3967 758 4039 beyond
770 3982 956 4049 controversy,
969 3978 996 4031 if
1005 3993 1047 4033 we
1064 3977 1130 4031 look
1144 3983 1176 4032 st
1189 3975 1240 4032 the
1252 3977 1335 4032 Laws
1346 3976 1381 4035 of

276 4050 404 4113 Nations,
415 4048 478 4105 that
488 4051 568 4106 those
581 4051 673 4121 things
689 4052 779 4111 which
796 4077 835 4116 we
846 4062 912 4116 take
925 4062 1001 4117 from
1012 4078 1064 4117 our
1077 4062 1202 4117 enamies
1219 4069 1326 4118 munet
1340 4062 1377 4117 be

275 4135 425 4190 reclsimed
433 4135 471 4208 by
481 4136 559 4192 those
569 4136 781 4206 whopossessed
789 4146 867 4201 them
879 4146 976 4203 before
985 4147 1034 4202 the
1045 4163 1155 4217 enemy,
1165 4147 1223 4201 end
1232 4147 1376 4202 lostthem

275 4223 305 4273 in
317 4239 389 4285 ναις
411 4221 530 4278 because
551 4223 601 4278 the
622 4220 674 4273 law
691 4221 726 4274 of
743 4232 855 4286 natione
872 4232 933 4288 urst
950 4232 1033 4288 made
1054 4231 1133 4286 them
1150 4248 1260 4288 owners
1277 4233 1378 4304 ρνίνια

267 4307 351 4375 socie,
362 4307 417 4360 and
429 4307 497 4362 then
506 4325 546 4362 us.
578 4303 643 4360 And
652 4320 689 4356 on
701 4305 758 4364 this
769 4317 887 4382 ground,
895 4333 997 4389 among
1008 4316 1102 4371 others
1103 4316 1377 4388 ‚Jephthadefends

274 4387 389 4442 himself
400 4393 508 4459 against
520 4392 568 4445 the
587 4387 772 4456 ammonites,
787 4397 906 4456 because
923 4401 972 4456 the
987 4402 1053 4456 land
1065 4399 1155 4454 which
1173 4401 1223 4457 the
1238 4402 1378 4459 Ammon·

274 4469 326 4523 ites
338 4472 456 4524 claimed
468 4473 523 4524 had
534 4467 636 4540 passed
648 4466 743 4534 bytho
755 4474 810 4532 law
821 4482 855 4536 σί
861 4500 916 4539 war
927 4486 1001 4540 from
1011 4484 1060 4542 the
1072 4485 1258 4552 Ammonstoe,
1269 4503 1301 4542 αι
1315 4487 1378 4542 ὼν
