2986 5048
274 284 315 346 54
421 290 473 344 DE
496 291 620 346 BELLO
641 291 762 346 JUSTO
786 292 873 347 slve:
897 292 1066 348 SOLENNI
1087 294 1185 350 JURE
1231 292 1306 360 [Lus.
1321 296 1379 351 111.

111 490 175 545 nn.
187 488 246 527 na
273 459 402 549 ponius:
422 481 478 524 noc
494 459 585 524 aliter
596 458 768 544 Ulpianus:
786 461 890 524 boetes
900 472 975 524 sunt
988 462 1104 545 quibus
1117 460 1232 525 bellum
1243 463 1380 545 publice

109 538 185 586 ΨΜ
269 560 412 648 populus
435 563 604 625 Romanus
633 561 782 636 demovit,
808 560 859 624 uel
886 561 953 644 ipsi
977 559 1100 643 populo
1128 561 1301 635 Romano;
1328 585 1378 627 ce·

278 662 340 725 teri
364 660 543 724 latrunculi
564 661 615 724 uel
629 661 801 745 proedmies
823 659 1040 744 appellantur.
1092 660 1142 722 Et
1164 660 1235 723 ideo
1255 651 1336 746 ''pui
1353 684 1377 726 a

278 760 460 824 latronibus
483 771 599 843 captus
625 770 683 838 eat,
712 780 822 824 seruus
850 760 1014 821 latronum
1041 779 1105 822 non
1126 769 1183 833 est,
1206 781 1263 825 aec
1284 773 1377 844 post-

278 860 442 923 liminium
461 859 516 922 illi
536 860 751 923 necessarium
776 869 830 923 est.
882 857 933 920 Ab
958 857 1101 922 hostibus
1120 869 1228 922 autem
1247 871 1375 944 copem,

273 970 361 1043 puta
395 980 418 1021 a
452 959 628 1022 Germania
659 970 689 1022 et
719 958 871 1033 Parthis,
901 967 932 1021 et
958 977 1069 1021 servus
1093 959 1317 1035 authentiam,
1344 972 1376 1025 et

111 1080 135 1118 1.
146 1080 173 1119 u.
186 1079 257 1164 pan.
272 1057 477 1143 postliminio
494 1069 620 1121 statum
632 1058 813 1141 pristinam
826 1067 1004 1140 recuperat.
1051 1053 1097 1120 Ei
1113 1055 1247 1123 Paulus:
1263 1059 1307 1123 ‘A
1319 1061 1377 1144 pi-

113 1126 221 1174 mm
279 1158 365 1221 ratis
387 1168 447 1220 aut
469 1157 650 1221 latronibus
670 1157 762 1241 capti
785 1155 879 1220 liberi
896 1166 1095 1238 pennanent.
1143 1154 1279 1223 Accedat
1297 1157 1376 1223 illud

110 1269 197 1355 ‘13421232
207 1271 223 1307 ¹·
280 1254 426 1342 Ulpiani:
454 1257 490 1319 in
511 1255 662 1321 civilibus
682 1255 942 1330 dissensionibus,
963 1256 1113 1341 quamam
1138 1278 1221 1342 soepe
1240 1278 1303 1342 per
1319 1279 1376 1339 eas

148 1345 153 1354 ’
279 1356 463 1440 respublica
490 1356 638 1430 loedotur,
665 1376 728 1419 non
753 1355 917 1418 tamenin
939 1355 1074 1418 anitium
1094 1356 1281 1440 ree'publieae
1302 1380 1376 1422 con·

279 1456 444 1520 tenditur:
470 1456 528 1539 qui
554 1456 590 1518 in
617 1454 796 1518 alterutrae
815 1465 931 1538 partes
956 1454 1119 1518 discedent
1138 1456 1207 1520 uice
1231 1457 1376 1521 bostium

277 1577 342 1620 non
361 1565 437 1619 sunt
466 1576 574 1618 eorum
602 1555 687 1618 inter
714 1575 792 1639 quos
809 1553 893 1637 jura
920 1554 1152 1639 captivitatum
1177 1566 1241 1619 aut
1257 1556 1376 1641 postli-

278 1656 454 1719 miniorum
463 1655 618 1737 fueriret:
646 1665 676 1718 et
696 1654 768 1717 ideo
785 1665 906 1737 captos,
931 1664 962 1717 et
984 1653 1183 1719 venundatae
1198 1666 1376 1740 posteaque

277 1756 491 1819 manumissos
502 1754 633 1838 placuit
649 1774 847 1838 supernomen
869 1762 1007 1836 repetere
1024 1774 1047 1814 a
1057 1754 1212 1837 princepe
1228 1756 1376 1838 inpendi-

278 1865 386 1930 tatem,
407 1876 506 1938 qnam
523 1854 618 1916 nulla
634 1854 826 1937 captivitate
843 1853 1030 1916 amiserant.

352 1953 373 2016 2
408 1952 489 2016 lllud
511 1960 633 2017 tantum
658 1949 837 2026 notandum,
862 1951 919 2014 sub
940 1949 1081 2036 exemplo
1108 1951 1213 2037 populi
1238 1952 1375 2017 Romani

276 2051 415 2136 quemvis
441 2049 573 2134 intelligi
599 2047 706 2133 quiin
731 2047 855 2113 civitate
880 2070 1032 2113 summum
1055 2048 1217 2136 imperium
1246 2050 1374 2120 habeat.

112 2161 249 2212 Petis-uu
276 2152 339 2214 Ille
358 2151 459 2214 bostis
483 2159 539 2223 eet,
561 2147 606 2211 alt
630 2146 747 2223 Cicero,
773 2150 831 2232 qui
851 2148 945 2213 babet
966 2150 1209 2234 rempublicam,
1234 2152 1375 2226 curiam,

276 2249 442 2323 ararium,
480 2267 663 2310 consensum
696 2257 726 2310 et
759 2248 965 2312 concordiam
998 2250 1128 2326 civium
1158 2251 1376 2316 strationem

275 2347 427 2431 aliquam
449 2346 481 2410 si
502 2366 553 2409 res
576 2347 627 2409 ita
652 2345 763 2409 tulerit
783 2347 881 2431 pacis
904 2359 934 2411 et
948 2349 1086 2431 federis

351 2443 397 2511 ΙΙ.
446 2447 464 2509 1
499 2443 572 2507 Non
605 2450 709 2507 sutem
737 2444 842 2509 statim
868 2445 1041 2531 respublica
1073 2454 1129 2512 aut
1162 2445 1271 2512 civitae
1305 2469 1377 2515 esse

276 2542 389 2610 desinit
415 2541 457 2608 ¹si
486 2541 560 2630 quid
589 2541 735 2607 admittat
764 2542 920 2630 injustum,
949 2544 1043 2610 etiam
1072 2545 1284 2624 communiter,
1315 2569 1376 2614 nee

319 2719 331 2754 δ
347 2721 396 2783 Qui
405 2735 422 2768 a
432 2721 563 2767 latronibus
572 2724 656 2780 captus
665 2723 707 2775 est,
717 2733 799 2768 seruus
845 2720 1015 2784 Mithridatico¹
1025 2722 1092 2783 (pag.
1103 2726 1153 2772 237.
1168 2723 1218 2770 Ed.
1231 2722 1265 2770 Η.
1277 2722 1375 2785 Stepb.)

273 2799 391 2845 hunnum
406 2812 452 2844 non
469 2795 513 2857 est]
543 2796 607 2842 Hinc
628 2799 798 2855 argumentum
847 2797 919 2844 Adde
929 2797 1057 2844 Hunorum
1068 2804 1134 2845 terno
1145 2813 1175 2847 11.

273 2874 373 2921 Panulo
403 2873 498 2920 Pluutis
533 2871 649 2918 Eunucho
681 2871 795 2918 Terentii.
893 2873 1008 2920 ¹Contes
1023 2874 1243 2934 Pusnsnoussuu,
1259 2876 1377 2925 Delus-e

274 2949 342 2996 Telis
357 2954 382 2996 et
392 2949 504 2996 Eumene
519 2946 602 3007 odyss.
616 2946 647 2994 0.
663 2952 733 3006 (vens.
744 2949 798 2995 402.
846 2947 906 2997 Nat
915 2955 938 2995 et
949 2949 1064 3008 annun
1075 2951 1301 3012 Lib.v1n.esp.vi.
1312 2951 1327 3012 ξ
1338 2954 1362 3000 b.

272 3028 376 3085 etseqq.)
890 3023 1032 3071 “Criminis
1041 3025 1375 3087 mascamurropnm

315 3106 326 3132 ⁶
341 3099 365 3144 A
371 3096 474 3159 piratis]
486 3099 614 3159 Pompeius
624 3099 730 3161 spiratis
740 3111 798 3159 esp-
844 3096 980 3157 ἀνθρώπων
995 3102 1023 3144 ob
1038 3098 1103 3159 νόμῳ
1119 3100 1261 3160 ξυνιόντων,
1274 3099 1334 3148 ἀλλ’
1345 3100 1374 3149 ts

272 3177 311 3221 los
333 3173 422 3220 liberos
446 3173 618 3234 pronuntiavit.
667 3175 798 3235 Appiana!
844 3172 1200 3233 τοῦαδίκονξννειλεγμένων·
1217 3173 1288 3221 rurba
1298 3174 1374 3221 bomi-

261 3426 329 3499 sore
343 3425 373 3479 lu
387 3426 444 3479 subo
459 3425 482 3480 is
497 3425 576 3479 talem
591 3425 718 3497 prisoner
732 3426 766 3496 by
784 3425 889 3479 robbers
906 3422 930 3476 is
949 3430 996 3475 not
1015 3419 1110 3490 mm‘ect
1129 3425 1155 3470 to
1177 3417 1254 3481 them,
1274 3436 1327 3474 nor
1348 3423 1371 3476 is

269 3513 465 3582 postliminium
477 3530 613 3582 neeasasp
625 3514 678 3584 sor
693 3512 757 3564 tim.
795 3510 855 3563 But
871 3510 901 3562 be
914 3507 972 3560 subo
988 3506 1010 3559 is
1030 3504 1110 3558 talen
1126 3504 1252 3575 prisoner
1266 3507 1300 3577 by
1311 3525 1370 3562 ene·

269 3599 342 3663 miss,
354 3617 464 3670 suppose
481 3595 829 3657 amnemamnem,
842 3596 952 3648 become
964 3592 1031 3646 their
1041 3590 1120 3655 slave,
1135 3592 1192 3644 aad
1202 3609 1318 3646 rmouers
1329 3593 1371 3646 lu‘s

262 3686 372 3757 former
383 3694 449 3740 state
466 3686 502 3753 by
517 3682 723 3753 postliminium.
756 3680 794 3734 So
812 3680 926 3733 Paulus.
961 3677 1068 3749 Ulpiun
1087 3677 1157 3731 adds
1172 3676 1242 3740 that,
1260 3679 1290 3731 in
1305 3678 1370 3732 civil

270 3784 348 3831 wsrs,
360 3768 410 3821 the
426 3768 555 3838 opposite
569 3767 674 3838 parties
691 3782 739 3819 are
758 3771 808 3819 not
822 3764 922 3818 formal
942 3765 1074 3828 enemies,
1089 3764 1144 3817 and
1160 3762 1302 3818 therefore
1320 3762 1370 3818 the

269 3852 392 3922 captives
407 3852 492 3905 taken
504 3852 541 3904 do
553 3858 604 3904 not
615 3851 674 3904 lose
689 3849 764 3904 thais
775 3850 836 3904 free
846 3851 998 3905 condition.

321 3943 338 3990 2
360 3937 412 3990 We
427 3953 491 4006 may
505 3941 573 3990 note
590 3933 653 3988 that
671 3934 761 3989 which
779 3936 803 3990 is
824 3937 885 3991 said
903 3937 1002 4009 hythe
1019 3938 1130 3991 Roman
1144 3936 1250 4006 jurists,
1268 3934 1302 3989 of
1320 3933 1369 3989 the

268 4025 380 4079 Roman
388 4022 502 4093 People,
512 4021 535 4075 is
546 4027 577 4074 to
589 4020 625 4074 bo
637 4021 808 4077 understood
820 4023 852 4078 of
863 4024 923 4078 him
934 4024 996 4078 who
1008 4022 1058 4078 hae
1073 4023 1122 4078 the
1134 4037 1263 4093 supremo
1276 4037 1370 4092 power

268 4111 298 4164 in
312 4127 367 4181 any
378 4117 460 4184 stato.
494 4108 539 4162 He
550 4108 573 4161 is
583 4125 635 4161 our
647 4125 745 4180 emmp,
756 4126 818 4182 says
834 4111 941 4176 Cicero,
952 4112 1009 4166 subo
1023 4111 1072 4165 bos
1083 4111 1125 4163 tle
1136 4116 1313 4179 pouernment,
1329 4107 1370 4159 tle

269 4198 379 4260 muneil,
399 4197 439 4251 em
453 4205 585 4265 trunsum,
604 4196 644 4249 tle
664 4206 768 4251 comens
789 4199 847 4252 and
864 4207 1012 4270 cyrenaea
1031 4198 1067 4267 os
1080 4197 1121 4250 tle
1133 4195 1247 4258 ennon,
1258 4194 1315 4247 and
1329 4193 1370 4245 tle

264 4298 356 4348 power
370 4285 407 4352 os
415 4282 527 4352 maleinp
538 4300 599 4335 war
609 4283 667 4336 and
676 4301 765 4352 peace.

319 4365 356 4418 II.
396 4375 409 4420 1
434 4368 459 4421 A
482 4370 562 4423 State
582 4385 614 4423 or
633 4368 872 4425 Commonwealth
892 4369 961 4424 does
978 4372 1029 4422 not
1047 4381 1127 4420 cesso
1144 4371 1176 4420 to
1193 4366 1230 4421 be
1248 4363 1316 4420 euch
1330 4363 1369 4434 by

267 4453 460 4522 perpetrating
478 4473 515 4508 nn
534 4464 580 4509 set
597 4453 631 4509 ot
645 4454 784 4523 injustius,
800 4470 873 4511 esen
889 4454 920 4508 in
937 4467 1083 4510 common:
1103 4466 1157 4508 nor
1170 4451 1227 4508 iss
1244 4450 1321 4506 band
1338 4448 1372 4504 ot
