2986 5048
271 294 336 357 354
377 298 430 354 DE
451 298 543 352 FIDE
564 295 732 352 Puenlcs
755 295 835 359 Qun
855 294 1015 349 Beonan
1036 294 1211 358 rmuurs,
1236 288 1314 364 [Lm.
1328 295 1381 349 III.

272 464 395 542 debeat,
413 461 537 547 etquid
554 459 652 526 victor
663 458 746 546 jure,
760 459 836 545 quid
849 457 943 524 etism
957 457 1043 523 selvo
1059 456 1144 523 omni
1161 456 1262 523 officio
1277 458 1382 525 facere

272 563 379 651 possit,
404 561 479 647 quid
499 559 634 645 denique
653 582 725 624 eum
743 558 877 623 maxime
899 558 1016 624 deceat
1069 557 1183 623 Victus
1205 566 1279 643 post
1297 558 1382 624 dedi·

273 663 389 728 tionem
407 661 483 725 nihil
506 681 567 724 non
588 658 768 744 patiendum
784 658 901 723 habet:
927 656 1043 743 quippe
1063 655 1132 742 jam
1152 656 1311 734 subditus,
1338 668 1379 735 et,

275 762 301 827 si
318 761 369 847 jus
392 759 463 825 belli
486 769 650 823 externum
673 757 862 844 respicimus,
889 779 927 821 eo
954 757 987 821 iu
1004 755 1083 831 loco,
1106 765 1144 822 ut
1164 754 1195 821 ei
1216 756 1296 821 nihil
1320 779 1381 823 uon

275 861 355 946 eripi
372 858 477 946 possit,
496 857 589 923 etiam
608 857 681 932 sita,
703 857 798 921 etiam
814 855 944 921 libertas
961 855 1144 941 personalis,
1163 855 1263 920 multo
1280 858 1381 944 magis

275 960 366 1033 bona,
383 979 445 1022 uon
463 957 585 1044 publico
602 965 733 1032 tantum,
751 955 806 1021 sed
824 964 858 1020 et
871 955 1075 1042 singulorum.
1128 957 1254 1031 AEtoli,
1278 956 1380 1041 inquit

110 1083 249 1126 cesama
275 1058 336 1123 alio
353 1058 420 1122 loeo
437 1057 552 1131 Livius,
567 1059 725 1142 permeare
743 1057 844 1120 libero
862 1057 1014 1131 arbitrio,
1037 1077 1078 1120 ae
1100 1057 1138 1119 in
1158 1078 1302 1140 corpora
1322 1079 1380 1122 sa·

110 1134 410 1232 instuararentur,
436 1158 627 1222 metuebant.
679 1154 851 1220 Citevimus
879 1154 973 1219 alibi:
1008 1156 1066 1218 obi
1095 1157 1209 1219 omnia
1242 1156 1284 1231 ei,
1318 1158 1379 1241 qui

277 1260 381 1323 armis
406 1258 485 1343 plue
504 1268 620 1341 potest,
648 1256 762 1320 dedita
782 1265 867 1328 eunt,
894 1276 969 1339 puae
992 1276 1032 1319 ee
1051 1256 1096 1319 iis
1121 1255 1242 1319 babere
1263 1256 1377 1333 vietor,

277 1359 397 1444 quibua
413 1357 570 1421 mulctari
586 1378 636 1420 eae
654 1355 740 1428 oei-it,
764 1355 870 1438 ipsios
885 1354 1058 1437 judiciam
1077 1366 1176 1438 atque
1196 1355 1380 1418 arbitrium

113 1477 159 1517 ns.
170 1478 204 1517 m.
278 1469 334 1522 est.
387 1454 526 1520 Eodeml
551 1453 627 1518 illud
654 1451 734 1517 Livii
758 1452 914 1538 pertinet:
948 1454 1109 1517 Romanis
1133 1474 1203 1517 moe
1236 1465 1381 1518 vacetur

277 1567 360 1631 erat,
378 1577 450 1620 oum
464 1576 526 1640 pao
542 1554 730 1637 aeesedere
747 1574 805 1616 aec
819 1553 920 1634 aquit
937 1552 1058 1634 legibus
1066 1552 1284 1635 jungerentur
1296 1554 1382 1617 ami·

278 1656 370 1730 citio,
387 1676 451 1720 aon
465 1655 562 1736 price
577 1653 714 1736 imperio
728 1652 764 1716 ia
777 1673 849 1716 eum
862 1664 1020 1736 tanquam
1032 1663 1195 1735 pacatum
1204 1653 1267 1725 uti,
1282 1674 1383 1736 quam

278 1755 389 1819 omnio
415 1755 532 1817 divina
557 1753 763 1835 leumanaqree
789 1752 938 1824 dedisset,
963 1751 1089 1815 obsides
1115 1752 1253 1834 accepti,
1283 1774 1382 1815 arma

278 1855 422 1931 adsumo,
442 1853 609 1937 prasidio
633 1851 768 1915 orbibus
793 1851 947 1933 imposita
966 1851 1090 1934 foreat.
1143 1847 1254 1914 Etiam
1283 1848 1384 1915 occidi

115 1978 198 2018 nisus
210 1979 237 2019 n.
279 1951 363 2017 licite
378 1950 535 2016 interdum
553 1949 673 2014 deditos
689 1947 887 2014 ostendimus.

114 2024 163 2073 '¹⁶'
356 2051 392 2115 L.
441 2051 460 2114 1
496 2050 540 2114 Αι
557 2048 665 2123 victor,
684 2046 814 2134 nequid
831 2046 946 2133 injuste
961 2047 1064 2124 saciat,
1080 2054 1225 2134 spectare
1245 2048 1383 2134 primum

279 2149 383 2224 debet,
406 2168 446 2212 ne
462 2169 554 2233 quem
570 2147 699 2223 occidat,
724 2147 782 2210 nisi
800 2146 832 2212 id
846 2168 902 2211 suo
921 2144 1058 2211 facinore
1074 2146 1242 2213 meritum:
1269 2147 1316 2212 sic
1339 2158 1381 2224 et,

279 2268 320 2311 ne
336 2247 385 2310 eui
400 2246 562 2331 quicquam
577 2246 710 2321 auferat,
728 2245 786 2309 nisi
801 2244 833 2309 in
846 2244 964 2331 justam
980 2267 1113 2331 poenam.
1163 2237 1274 2312 iIntra
1297 2248 1384 2313 huno

278 2354 382 2409 autem
406 2343 541 2418 modum,
565 2352 716 2427 quantum
740 2343 890 2410 securitas
910 2344 1038 2431 petitur,
1061 2344 1103 2411 ad
1126 2343 1325 2412 elementiam
1349 2354 1384 2412 et

192 2473 196 2479 ·
278 2441 496 2507 liberalitatem
517 2442 712 2528 propendere
729 2463 852 2529 semper
873 2443 1037 2508 honestum
1057 2451 1114 2521 est,
1137 2444 1300 2511 interdum
1323 2467 1383 2534 pro

277 2539 514 2607 circumstantiis
531 2540 624 2606 etiam
642 2562 681 2604 ox
699 2563 820 2606 morum
837 2542 949 2630 regula
965 2541 1197 2610 necessarium..

321 2718 332 2750 ⁷
347 2720 426 2766 Locus
439 2731 488 2763 non
505 2720 584 2764 exstat
601 2715 656 2763 Lib.
667 2728 714 2764 rm.
730 2729 802 2777 quem
853 2715 980 2762 ostendere
989 2730 1092 2776 possem,
1106 2721 1131 2764 et
1140 2717 1295 2778 aliquetenus
1309 2719 1335 2765 id
1344 2719 1385 2779 ju.

276 2795 371 2842 Auctor
389 2794 413 2838 in
435 2793 543 2853 margins
560 2791 660 2848 indicat,
684 2792 725 2838 sed
749 2790 801 2837 Lib.
853 2794 927 2835 voret.
968 2789 1087 2836 Nimirum
1106 2792 1186 2837 locum
1205 2792 1277 2839 illum
1300 2800 1385 2840 noster

276 2884 374 2918 xxvur.
400 2885 422 2917 c.
437 2872 476 2918 34.
498 2882 569 2929 quem
591 2882 695 2915 errorem
715 2869 803 2915 netto·
854 2864 1139 2925 exscripserstsl‘ernr
1152 2867 1237 2913 Fanni
1250 2869 1383 2916 suumn.

276 2947 446 3000 emendassent,
465 2949 493 2989 ut
510 2944 648 2988 innumeros
663 2942 723 2987 alios
738 2941 802 3001 ejus·
854 2940 909 2986 Lib.
919 2952 935 2985 r.
952 2941 1018 2986 cvii.
1034 2955 1058 3001 p.
1067 2955 1099 2988 m.
1107 2944 1144 2989 43.
1158 2943 1199 2987 uhi
1215 2947 1342 3004 tamquam
1355 2958 1383 2990 ex

276 3021 340 3067 modi
351 3019 447 3065 sssentio
456 3017 570 3077 praeterii,
585 3017 631 3061 nisi
647 3017 737 3063 fontem
751 3016 802 3076 ejus
853 3015 907 3061 Lib.
919 3015 1096 3064 multabatur:
1109 3022 1134 3063 st
1142 3017 1243 3064 ulterius
1253 3018 1311 3064 libri
1322 3020 1383 3079 ejus·

596 3159 630 3165 -ι-
636 3159 695 3165 --...
701 3159 746 3165 -—
752 3158 980 3166 -....-.---—.-.
985 3158 1064 3165 .-.η-.-

275 3261 393 3334 quiahod
405 3269 488 3336 party
506 3263 594 3336 ought
613 3270 644 3319 ιο
663 3265 766 3330 suffer3
788 3262 864 3320 what
884 3264 933 3321 tho
945 3264 1095 3320 victorious
1109 3268 1271 3335 pcrtymsy
1283 3262 1323 3318 do
1343 3261 1381 3333 by

276 3350 367 3421 right3
389 3348 464 3405 what
478 3350 560 3406 other
574 3351 665 3406 duties
680 3352 791 3422 require
806 3352 840 3406 of
857 3351 933 3415 him3
955 3351 1011 3405 and
1027 3350 1133 3421 finally,
1151 3349 1227 3402 what
1247 3348 1381 3404 becomes

276 3435 344 3493 him.
383 3437 443 3492 The
455 3438 636 3509 renquished,
653 3438 726 3492 alter
738 3437 896 3502 surrender,
910 3438 933 3492 is
948 3437 1033 3491 lisbio
1048 3442 1077 3491 to
1092 3435 1178 3491 suffer
1191 3434 1378 3505 overythingc

276 3523 313 3579 he
325 3525 348 3579 is
357 3524 471 3595 already
481 3542 498 3578 a
508 3526 631 3595 subject3
643 3524 697 3579 and
710 3525 736 3579 if
744 3542 785 3579 we
796 3523 861 3578 look
873 3530 903 3577 at
914 3521 963 3577 the
974 3531 1098 3577 extreme
1107 3520 1183 3591 right
1194 3519 1229 3574 of
1238 3536 1305 3583 wer,
1316 3521 1340 3575 is
1350 3522 1380 3574 in

277 3609 346 3664 such
361 3627 379 3663 o
393 3611 537 3665 condition
553 3611 614 3665 thot
633 3610 797 3682 ererything
815 3627 879 3681 may
893 3609 930 3663 be
948 3609 1034 3662 tahon
1051 3608 1125 3661 from
1143 3605 1220 3669 him;
1242 3621 1317 3659 eren
1335 3605 1381 3660 his

276 3694 344 3757 lifo;
366 3712 436 3748 oven
456 3695 499 3748 his
515 3697 646 3765 personal
664 3697 783 3766 liberm
805 3696 890 3749 much
910 3710 997 3758 more,
1017 3692 1104 3763 goods
1123 3691 1257 3762 not01115
1272 3691 1380 3761 public,

276 3776 329 3830 but
343 3793 414 3831 eron
426 3779 533 3848 privato
549 3787 691 3851 property.
739 3782 777 3834 So
793 3782 822 3834 in
836 3781 915 3851 Livy,
934 3781 974 3835 ιιι
991 3780 1125 3841 Etolioas,
1144 3777 1246 3846 barino
1264 3794 1381 3831 merea-

276 3861 358 3916 dered
370 3871 401 3914 at
411 3863 560 3928 discretior,
572 3864 713 3935 (paratim
725 3866 805 3919 libero
821 3864 957 3932 arbitria)
973 3883 1040 3920 aare
1053 3864 1152 3935 afraid
1163 3864 1221 3917 ctat
1232 3880 1296 3917 scm
1310 3864 1382 3918 their

272 3964 384 4020 peraeae
397 3948 488 4001 would
501 3958 547 4002 aot
561 3952 589 4003 be
602 3951 709 4020 spared.
745 3951 798 4005 We
812 3952 883 4006 have
895 3951 1045 4006 elsewhere
1059 3949 1134 4004 cited
1146 3949 1335 4019 expressions,
1348 3956 1382 4004 ιο

276 4034 326 4090 the
341 4034 423 4088 effect
438 4034 500 4089 thet
515 4034 564 4090 the
579 4053 735 4107 conqueror
749 4054 813 4107 may
828 4038 894 4091 take
912 4037 966 4090 all:
990 4043 1020 4090 to
1034 4035 1084 4090 the
1095 4051 1171 4089 same
1183 4034 1268 4088 effect
1283 4035 1308 4089 is
1328 4035 1382 4090 the

276 4137 394 4193 passage
408 4121 441 4175 of
452 4122 531 4194 Livy,
544 4123 635 4177 where
652 4122 690 4177 ho
701 4140 764 4192 says
775 4122 845 4185 thet,
861 4122 894 4175 of
906 4122 961 4185 old,
977 4120 1026 4176 the
1036 4122 1160 4174 Romans
1176 4136 1250 4173 were
1264 4127 1319 4174 not
1334 4138 1381 4176 ss·

276 4208 368 4261 tlslled
390 4208 456 4260 with
478 4209 614 4281 onyching
632 4209 711 4264 short
728 4208 762 4263 of
772 4225 790 4261 a
810 4208 949 4278 completo
968 4205 1120 4260 surrender
1134 4221 1170 4259 on
1190 4204 1241 4258 tho
1259 4215 1329 4275 part
1349 4206 1385 4262 οι

276 4291 351 4347 their
362 4295 494 4348 enemios.
539 4296 602 4349 And
615 4312 656 4350 we
669 4295 741 4349 haro
752 4295 846 4348 shown
859 4293 921 4348 that
933 4293 1014 4347 those
1027 4289 1088 4346 who
1099 4288 1172 4345 hare
1186 4293 1380 4348 surrendered

276 4393 341 4448 moy
355 4379 515 4434 sometimes
530 4380 653 4452 lawlully
667 4381 704 4435 be
717 4386 771 4451 put
784 4385 815 4434 to
830 4378 926 4437 death.

334 4462 368 4513 1..
405 4466 420 4514 1
444 4463 502 4516 But
513 4463 562 4519 tho
580 4466 678 4530 victor,
696 4465 727 4519 in
741 4465 826 4521 order
836 4472 887 4522 not
898 4471 929 4522 to
941 4463 977 4520 do
988 4460 1126 4537 enything
1136 4461 1273 4535 urp'ustly,
1289 4461 1381 4535 ought
