2986 5048
115 284 184 347 Cer.
197 288 296 358 xm]
426 292 478 346 DE
501 292 591 346 FIDE
614 292 734 347 INTER
756 292 916 350 HOSTES.
1155 286 1219 350 303

721 458 851 529 Optimus
865 457 913 512 ille

332 545 449 608 Militiae,
464 543 509 600 eni
524 549 698 616 postremum
712 545 891 616 primumque
905 543 978 598 tueri

332 627 429 685 'Inter
443 631 518 685 belle
532 630 627 685 fidem.

115 726 292 816 Xenophon
311 728 469 794 Oratione
482 730 523 793 de
536 722 754 848 Apenlao,⁶
716 754 804 794 ουτω
815 721 908 814 μέγα
920 756 973 793 και
965 720 1094 793 καλον
1108 724 1280 809 κτῆιιαοιρ
1286 753 1303 789 e
1315 752 1351 800 en

115 831 187 899 τοῖς
214 856 254 895 πε
275 819 435 899 αλλοις”
414 856 518 895 απασι
539 856 590 893 και
583 818 697 894 ανδ
688 859 698 893 ι
724 819 762 906 δη
785 827 986 917 στρατηγῷ,
1010 853 1052 893 το
1042 819 1157 893 οσιόν
1176 856 1217 894 τε

73 950 76 955 ·
115 921 408 994 »sainsorensium
429 954 470 993 re
491 922 545 993 erni
560 954 643 992 οντα
667 922 841 1014 ἐγνῶσθαι·
868 937 964 989 tanta
987 937 1119 1010 tamque
1129 949 1217 1010 pree-

116 1027 212 1089 ciaro
228 1047 279 1090 res
294 1027 393 1091 estin
415 1026 723 1109 omniscientem,
747 1025 803 1089 sed
817 1026 988 1109 precipue
1010 1026 1046 1087 in
1065 1026 1216 1100 ducibus,

116 1125 283 1209 relipionis
305 1135 337 1188 et
352 1125 434 1206 fidei
455 1125 657 1189 observantes
674 1145 739 1189 esse
763 1134 863 1208 atque
886 1124 1010 1187 Ιιοῖιονι·
1061 1122 1217 1188 Aristides

117 1221 280 1288 Leuctrica
306 1234 439 1308 quartu:
467 1218 501 1289 ἐι
531 1220 640 1318 εἰρήνη
668 1250 721 1289 και
714 1213 902 1292 σπονδαῖς
930 1215 1080 1298 μάλιστα
1109 1221 1140 1287 oi
1169 1217 1321 1329 roffi}

115 1313 219 1388 ileum
237 1324 341 1389 ποιεῖν
357 1315 550 1406 βουλομινοι
566 1322 740 1412 κρίνονται·
765 1324 803 1383 e'n
816 1342 901 1405 pace
918 1320 1061 1405 aliisque
1071 1320 1217 1404 publicis

116 1422 382 1485 conventionibus
408 1422 578 1486 servandis
605 1424 746 1484 mecine
778 1430 967 1506 spectantur
998 1420 1056 1503 qui
1075 1421 1218 1499 justitia

116 1520 270 1583 student:
288 1526 322 1583 ut
339 1519 420 1583 enim
436 1528 522 1584 recte
538 1518 618 1584 dixit
636 1518 745 1583 Cicero
762 1519 801 1582 de
818 1518 959 1582 Finibus
976 1516 1103 1602 quinto:
1127 1539 1217 1584 nemo
1229 1533 1314 1581 css-22

116 1629 163 1682 est
179 1620 316 1700 quinon
328 1620 413 1684 itanc
427 1620 627 1702 effectionem
643 1621 749 1682 animi
763 1618 878 1701 probet
890 1627 989 1698 atque
1007 1617 1130 1691 laudet,
1149 1638 1216 1698 que

115 1738 179 1780 non
204 1718 296 1781 medo
323 1718 458 1784 utititas
486 1719 587 1783 nulia
614 1718 781 1801 qsioeritur,
810 1717 866 1780 sed
897 1727 1009 1779 centro
1037 1715 1218 1782 utilitatem

116 1817 213 1879 etiam
231 1824 447 1882 conservatur
456 1818 549 1900 fides.

188 1915 208 1978 2
240 1915 369 1980 Publica
390 1915 477 1991 iides,
495 1922 532 1980 ut
552 1913 635 2001 apud
658 1919 779 1999 patrem
801 1918 848 1976 est
872 1908 1106 1992 Quintilianum,
1133 1910 1217 1979 inter
1230 1929 1335 1975 neceni.

116 2021 253 2079 armetoe
277 2014 382 2079 hostes
401 2013 539 2080 induciae
559 2012 643 2089 facit,
670 2011 845 2077 deditarum
868 2010 1027 2076 civitatum
1046 2011 1121 2097 jure
1146 2034 1217 2077 eon·

116 2119 229 2178 servet.
278 2112 371 2198 Apud
392 2113 523 2178 eundem
546 2111 638 2178 alibi:
655 2114 740 2195 fides
759 2133 946 2195 supremum
969 2133 1082 2175 rerum
1104 2113 1334 2176 numa-necess·

116 2233 238 2276 narum
256 2214 425 2277 uinculum
443 2225 510 2278 est:
536 2233 632 2278 sacre
651 2213 727 2277 lares
742 2212 827 2294 fidei
843 2213 928 2274 inter
950 2212 1062 2276 hostes.
1116 2210 1167 2275 Sic
1184 2221 1217 2277 et

118 2309 318 2375 Ambrosius:
347 2312 445 2393 liquet
470 2314 575 2396 ipitur
600 2313 698 2375 etiam
721 2309 858 2374 inbelle
875 2312 978 2397 fidem
1003 2322 1033 2375 et
1047 2310 1274 2393 justitianus
1284 2329 1305 2368 i
1314 2331 1343 2370 n

117 2410 246 2474 seruari
262 2422 414 2495 oportere.
453 2412 496 2476 Et
510 2403 747 2498 bAugustinus:
759 2411 844 2491 fides
858 2411 989 2494 picando
997 2413 1215 2525 promittitur,
1229 2377 1337 2524 ἔρια
1306 2430 1348 2467 ιιι

118 2509 219 2572 etiarn
239 2510 324 2574 hosti
338 2512 499 2575 succerda
517 2522 563 2576 est
583 2521 697 2574 contra
714 2530 806 2593 quem
828 2509 943 2573 oenum
958 2512 1102 2593 peritur:
1129 2510 1217 2575 nimi·

118 2628 187 2670 rum
203 2606 307 2672 hostes
324 2607 377 2693 qui
394 2616 475 2684 sunt,
453 2607 641 2673 thomines
658 2627 804 2670 essenon
822 2605 974 2670 desinunt
1015 2607 1063 2671 At
1079 2608 1217 2673 homines

119 2726 232 2782 omnes,
255 2706 307 2791 qui
328 2706 369 2770 ed
394 2706 524 2771 rationis
544 2726 633 2770 usum
655 2711 874 2789 pervenerunt,
898 2724 1027 2788 capaces
1046 2714 1119 2770 sunt
1136 2705 1217 2789 juris

118 2826 158 2868 ex
180 2804 339 2890 promisse.
394 2805 540 2870 Camillus
564 2802 649 2890 spud
670 2801 791 2866 Livium
812 2800 867 2876 eit,
893 2802 958 2866 sibi
979 2824 1051 2866 οιιοι
1068 2804 1217 2871 Faliscis
1230 2825 1347 2870 neuun.

118 2926 190 2969 eam
206 2927 270 2970 esse
286 2906 478 2979 societatem,
494 2925 589 2990 quam
607 2901 809 2987 inqeneraoit
823 2911 956 2963 tratura.

190 3005 212 3067 3
241 3005 292 3068 Ex
307 3003 365 3068 hec
382 3012 486 3068 autem
503 3000 649 3066 societate
666 2997 795 3064 rationis
810 3006 842 3065 et
858 2996 1008 3064 sermonis
1023 2998 1163 3066 nascitur
1180 3024 1218 3069 ee

160 3192 252 3239 ⁸Inter
266 3189 329 3239 tella
337 3186 425 3251 fiam]
442 3189 575 3237 Archelaus
589 3188 643 3249 phi·
692 3184 734 3231 dut
754 3184 824 3246 hujus
844 3184 939 3232 virtutis
959 3186 1054 3233 nomine
1075 3188 1217 3239 Africanum

117 3269 231 3328 losephue
246 3267 311 3327 apud
326 3265 464 3326 Appianum
483 3265 594 3312 Ciuilium
607 3277 643 3312 ιι.
691 3263 807 3308 minorem
818 3262 940 3308 Diodorus
951 3262 1044 3309 Siculus
1054 3263 1078 3309 in
1088 3265 1218 3327 Excerptis

118 3341 225 3388 σπονδιὶν
244 3341 287 3387 e'rri
310 3346 365 3386 τοῖς
391 3340 474 3399 ὅρκοις
499 3340 643 3396 ἐσπένδετε,
690 3337 860 3384 Peiresetenis.
885 3337 1035 3397 (rupen.)

117 3418 157 3462 καὶ
172 3416 254 3476 enfide
269 3413 390 3473 trient«,
406 3416 432 3461 ai
445 3415 488 3462 rui
502 3414 572 3473 παρα1
587 3420 644 3461 τοῖς
736 3411 916 3471 δΑιιριινιίιιιιι]
938 3411 987 3464 Qui
1002 3411 1066 3457 idem
1085 3427 1215 3472 ergnmsn.

117 3487 641 3550 solapiustexturarfederajerusnede-
690 3491 742 3533 tum
758 3486 807 3531 lete
822 3488 912 3530 trient
927 3484 1028 3542 eputon
1043 3497 1138 3533 ocur.
1151 3488 1218 3548 (126.

117 3565 186 3609 distis
201 3564 317 3618 caurus,
334 3577 384 3622 que
400 3563 471 3608 etiam
491 3562 552 3607 inter
567 3561 643 3606 hostes
690 3561 820 3607 secundnm
831 3573 920 3605 norem
931 3559 1093 3620 nivelonem.)

117 3638 202 3682 uelem.
219 3637 292 3694 (Peg.
304 3635 355 3682 628.
363 3635 414 3682 Ed.
425 3634 459 3681 Η.
471 3633 562 3693 Steph)
578 3634 642 3679 Leu-

119 3883 217 3940 srmed
233 3881 366 3946 enemiee,
387 3879 443 3936 end
461 3898 606 3955 preserres
623 3881 673 3938 the
688 3881 777 3956 rights
795 3884 829 3939 of
847 3884 1034 3941 surrendered
1054 3887 1142 3945 cities.
1190 3892 1218 3946 lt

118 3972 142 4026 ie
157 3970 206 4025 the
220 3984 351 4041 supreme
373 3968 421 4032 tie,
443 3985 472 4023 us
487 3968 524 4024 hc
539 3967 691 4025 elsewhere
712 3987 784 4042 says.
822 3971 861 4026 So
874 3971 1028 4038 Ambroee;
1049 3972 1215 4044 Augustine.

118 4058 152 4111 In
173 4055 241 4119 tect,
255 4055 336 4110 those
354 4053 416 4107 who
429 4070 477 4108 ere
491 4055 614 4110 enemies
626 4054 663 4110 de
676 4062 726 4110 not
738 4072 818 4111 conec
830 4062 860 4111 to
874 4058 911 4112 be
922 4074 1002 4111 mon:
1026 4058 1079 4111 but
1093 4060 1131 4112 eil
1150 4076 1218 4114 men

119 4140 194 4210 (who
214 4140 285 4195 here
306 4140 355 4195 the
378 4155 427 4193 uec
449 4138 482 4193 oi
502 4137 614 4204 resson)
636 4156 684 4194 ere
708 4141 825 4212 cepnble
846 4141 879 4195 oi
898 4140 1001 4211 having
1022 4141 1111 4212 rights
1133 4144 1218 4214 given

119 4229 197 4283 them
216 4227 255 4298 by
277 4225 407 4297 promise.
454 4224 493 4279 So
513 4224 647 4279 Camillus
663 4226 693 4278 in
709 4225 788 4296 Livy.

178 4319 194 4368 3
226 4313 285 4369 Out
309 4312 343 4367 of
357 4310 406 4367 the
428 4325 560 4366 common
577 4326 627 4365 nee
649 4309 682 4364 oi
700 4326 800 4364 resson
821 4309 877 4365 end
895 4310 1042 4384 lengnnge
1061 4313 1147 4369 erices
1168 4313 1218 4370 the

119 4400 274 4471 obligetion
295 4398 367 4455 irem
386 4398 517 4469 promise,
538 4396 571 4453 oi
585 4394 674 4452 which
689 4412 731 4453 we
749 4396 845 4469 speeie.
882 4397 944 4453 Ner
959 4415 1008 4455 ere
1023 4415 1064 4456 we
1084 4406 1115 4456 to
1136 4399 1219 4458 think
