2986 5048
108 320 177 376 Car.
190 315 274 384 XII.]
541 317 591 370 ET
614 314 768 372 SIMILIA.

281 489 356 541 Ecca
371 503 472 559 repens
488 487 574 541 tacito
588 488 728 558 percurrit
743 491 858 558 pectora
873 502 955 541 sensu

280 574 401 643 Relligio
416 580 446 627 ot
460 590 545 628 saevas
560 573 704 645 componit
718 573 834 626 nunrina
848 578 966 636 mentes,

280 660 310 713 N
312 676 328 714 a
339 659 482 713 flammam
494 659 635 729 taedasque
647 658 743 723 velint,
754 675 791 713 no
802 658 910 729 templa
921 658 973 713 sub
985 674 1043 713 uno

281 745 315 798 In
328 745 451 799 cinerem
468 744 589 799 leodisse
604 761 680 815 rogo.

107 840 268 906 Adversus
295 842 333 917 Q.
357 838 500 905 Fulvium
531 839 699 903 Censorem
727 837 844 903 dietum
867 847 978 903 narrat
1004 837 1129 903 Livius:
1158 841 1213 904 ob·
1226 864 1347 908 namra

107 942 265 1025 sirispere
283 962 354 1005 cum
366 940 520 1022 relipz'one
532 939 689 1023 populum
703 941 887 1002 Romanum
900 940 1008 1004 ruinis
1024 940 1213 1024 templorum

109 1041 230 1124 templo
248 1041 470 1122 aedificantem,
491 1050 648 1123 tanquam
665 1060 729 1102 eree
746 1039 843 1103 iidem
862 1039 982 1123 ubique
999 1040 1063 1102 Dii
1083 1041 1214 1103 immor·

109 1140 192 1204 talea
207 1139 283 1213 sint,
301 1140 357 1204 ced
369 1138 486 1221 spoliis
502 1138 644 1201 aliorum
662 1138 726 1201 olii
742 1137 868 1201 colendi
884 1139 1134 1222 exornandique.
1165 1136 1214 1202 At

107 1236 245 1302 Marcius
275 1236 445 1321 Philippus,
473 1235 515 1300 ad
537 1234 631 1299 Dium
662 1256 731 1299 cum
754 1235 898 1311 venisset,
922 1235 1034 1299 metari
1062 1236 1119 1301 sub
1144 1235 1211 1323 ipso
1226 1258 1377 1306 reamur.

107 1336 234 1423 templo,
252 1357 292 1401 ne
309 1335 385 1420 quid
401 1334 434 1398 in
449 1335 515 1399 loco
531 1355 618 1398 sacro
632 1333 810 1409 violaretur,
824 1333 927 1418 jussit.
959 1335 1079 1399 Narrat
1097 1334 1212 1400 Strabo

108 1435 305 1522 Tectosages
332 1432 470 1519 quicum
495 1432 563 1497 aliis
580 1431 725 1518 pecunias
742 1431 913 1517 Delphicas
937 1441 1117 1519 rapuerant,
1144 1434 1212 1521 pla·
1225 1455 1336 1542 lappam.

109 1533 199 1598 candi
211 1531 343 1597 numinis
354 1554 447 1598 causa
459 1531 542 1597 domi
554 1531 678 1597 casdem
691 1553 760 1595 cum
773 1531 985 1598 additamento
995 1554 1199 1599 consecrasse.

181 1635 203 1696 3
236 1632 288 1698 Ad
316 1631 508 1697 Christianos
539 1640 575 1696 ut
604 1630 772 1707 veniamus,
808 1640 1027 1696 commemorat
1058 1632 1212 1719 Agathias
1225 1651 1329 1693 usui.

108 1732 248 1797 Francos
264 1730 388 1817 templis
404 1730 589 1817 pepercisse,
606 1737 643 1794 ut
659 1729 712 1815 qui
728 1751 797 1794 cum
821 1729 940 1795 Graecis
955 1738 1058 1795 essent
1075 1730 1211 1817 ejusdem

107 1917 182 1975 τιμιὶν
206 1918 349 1964 αὐτοῖςκαὶ
366 1914 511 1974 σεμνότητα
534 1912 636 1965 πολλὴν
687 1910 792 1958 ecclesia}
804 1910 1010 1957 Antiochlensium
1022 1908 1213 1957 Christianorum

107 1990 271 2050 προσέθεσαν
293 1993 317 2037 in
337 1991 472 2036 memoriam
494 1988 636 2035 revocabant
684 1988 719 2033 ait
734 1989 877 2047 pepercisse.
914 1986 1065 2032 Justiuianua
1081 1986 1161 2043 ctiam,
1185 1992 1213 2033 ut

108 2062 154 2108 alii
163 2061 316 2118 flaminium,
332 2062 378 2107 olii
391 2061 502 2106 uranium
512 2059 635 2119 Aquiliam
684 2062 748 2107 idem
763 2064 838 2109 refert
857 2062 1040 2107 l'endalicoram
1054 2074 1083 2106 11.
1100 2062 1168 2121 (cap.
1182 2062 1213 2119 9)

107 2143 129 2185 et
139 2138 265 2184 AErnilium
275 2137 388 2193 Paulam,
404 2151 503 2196 quorum
518 2137 566 2189 ille,
584 2136 634 2181 An·
684 2139 787 2185 retinere
798 2139 862 2198 apud
873 2153 898 2183 sa
913 2152 960 2182 non
971 2152 1043 2183 ausus
1053 2144 1090 2183 est
1103 2137 1212 2195 rmillas,

107 2214 184 2259 rioche
195 2213 265 2271 rJecto
276 2228 288 2258 e
298 2212 400 2268 Gru-cia,
409 2212 435 2257 lsi
444 2226 506 2266 cero,
514 2211 635 2257 debellatis
685 2228 744 2273 quas
760 2214 978 2274 Hierosolymorum
992 2213 1083 2273 templo
1099 2214 1214 2273 Vespasi-

107 2288 265 2334 Macedonum
275 2287 375 2347 repihur,
387 2300 432 2331 non
442 2286 510 2331 modo
522 2286 635 2333 Gruean·
684 2304 744 2334 anus
761 2290 893 2335 abstulerat
907 2290 1017 2343 Romam,
1031 2288 1116 2333 ltomm
1132 2294 1213 2334 autem

107 2365 152 2409 icis
163 2364 254 2421 templis
265 2367 428 2422 pepercerant,
440 2361 508 2407 sedet
529 2362 636 2407 dorisco
683 2370 791 2423 repertas
802 2365 825 2409 in
837 2365 943 2410 Africam
954 2368 1118 2423 asportaverat
1129 2364 1212 2409 Gizer·

107 2437 225 2496 multoque
242 2437 328 2482 honore
345 2450 374 2481 ae
390 2436 545 2481 sanctimonia
560 2450 634 2481 arrae·
684 2439 760 2486 ichus.
791 2441 830 2487 Do
840 2441 996 2486 sanctimonia
1009 2454 1024 2485 a
1036 2439 1213 2484 lliahumetistis

107 2517 170 2558 rant.
201 2511 249 2557 Adi
264 2516 290 2556 οι
302 2510 437 2557 Vitruvium
456 2511 510 2556 Lib.
523 2524 550 2558 ιι.
568 2511 634 2570 (cap.
685 2520 779 2560 servata
789 2516 849 2571 loeo,
864 2515 888 2559 in
900 2528 948 2574 quo
959 2514 1089 2559 Ezechielis
1104 2519 1129 2560 et
1139 2514 1212 2559 trium

106 2586 144 2647 8.)
169 2586 272 2632 Dionem
284 2598 349 2630 xsu.
365 2590 440 2644 (pag.
449 2588 493 2631 ‘234
503 2597 527 2632 s.
544 2585 591 2631 Ed.
599 2584 635 2633 H.
684 2588 793 2634 Danielis
809 2589 928 2634 sociorum
948 2603 1001 2634 ossa
1018 2593 1087 2635 orant
1107 2589 1212 2644 condita,

108 2662 204 2722 Steph.)
234 2662 389 2707 Plutarchum
402 2660 498 2707 C'rcsore
512 2660 581 2720 (pag.
591 2662 636 2707 720
685 2663 754 2707 testis
771 2663 848 2707 estin
866 2662 987 2707 itinerario
1004 2660 1106 2707 iudeus
1122 2662 1211 2720 Bequ-

107 2735 144 2795 ι.)
176 2737 304 2782 Brooaeum
315 2748 340 2782 v.
350 2736 555 2781 miscellaneorum
567 2749 588 2781 c.
597 2736 633 2782 29.
685 2736 742 2783 min.

108 2814 192 2859 Gabao
209 2813 309 2857 Maurus
326 2811 386 2870 ipse,
408 2824 456 2854 non
477 2809 634 2865 Christianus,
732 2810 739 2839 ¹
760 2811 873 2856 Traxisse
888 2811 979 2856 habent
993 2810 1064 2855 MSS.
1080 2814 1106 2854 et
1120 2823 1149 2854 ex
1165 2809 1212 2855 illis

107 2888 223 2933 honorem
239 2887 334 2932 volebat
348 2885 430 2931 haberi
445 2883 635 2931 Christianorum
684 2890 858 2944 nuperaatque
868 2884 982 2929 adcurate
991 2882 1086 2928 Editio:
1102 2882 1165 2927 unde
1175 2883 1212 2927 fs·

107 2963 219 3020 ecclcsiis,
229 2968 313 3007 contra
324 2974 395 3020 quam
405 2960 513 3005 iacerent
524 2958 634 3013 Vandali,
684 2966 768 3005 corant
787 2959 908 3005 transiere.
944 2958 1032 3005 Nescio
1056 2958 1120 3003 unde
1144 2970 1211 3002 suam

107 3038 194 3098 quibus
213 3038 325 3097 sperabat
343 3036 430 3081 iratum
449 3034 508 3090 fore,
527 3032 635 3091 quisquis
684 3034 810 3081 lectionem
821 3034 908 3081 redisse
917 3036 1004 3080 lrabeat
1014 3038 1110 3079 noster:
1126 3046 1211 3092 quam·

105 3115 228 3170 illaessct,
244 3111 433 3158 Christianorum
451 3110 537 3156 Deum.
571 3106 630 3154 Tcs·
684 3125 765 3169 quam,
786 3115 842 3170 poet
865 3112 941 3168 illum,
961 3112 996 3156 ita
1015 3122 1111 3169 quoquc
1130 3109 1210 3154 locum

106 3193 172 3235 tatur
189 3188 234 3233 hoc
258 3186 389 3245 Procopius
414 3184 596 3231 l'undalicerum
614 3198 631 3230 1.
683 3187 766 3233 laudat
786 3186 813 3233 J.
826 3188 858 3234 G.
871 3187 991 3241 Graevius,
1010 3186 1054 3231 l'ir
1072 3184 1211 3231 Eruditissi·

107 3267 175 3324 (cap.
183 3264 210 3322 8)
224 3264 264 3324 qui
280 3270 305 3310 et
316 3263 467 3309 Persicorum
479 3274 507 3308 11.
524 3264 592 3321 (cap.
603 3260 632 3318 9)
682 3275 743 3317 mira,
754 3262 777 3306 in
790 3262 846 3308 Cic.
857 3262 927 3309 l'err.
940 3275 974 3308 ιι.
985 3262 1022 3308 δῦ.
1053 3260 1081 3307 J.
1092 3260 1124 3307 B.

107 3340 238 3397 Chosroen,
262 3340 359 3386 Persam
385 3352 433 3383 nou
462 3338 632 3393 Christianum,

106 3586 203 3657 Capua
218 3605 272 3641 vas
284 3587 379 3650 taken,
392 3587 476 3641 Silius
488 3587 587 3657 speaks
606 3585 640 3639 of
655 3585 704 3640 tho
720 3584 852 3654 religione
868 3582 975 3651 feeling
988 3579 1079 3634 which
1097 3578 1143 3634 led
1161 3580 1210 3635 tha

104 3671 230 3725 Romans
243 3679 273 3726 to
285 3688 415 3740 preserve
427 3671 476 3726 the
491 3672 617 3741 temples.
663 3670 735 3741 Livy
753 3687 816 3741 says
835 3668 898 3723 that
916 3668 939 3721 it
959 3682 1015 3720 vas
1033 3666 1161 3735 objected
1179 3671 1209 3721 to

107 3757 142 3817 Q.
156 3755 270 3808 Fulvius
283 3755 332 3809 the
345 3756 458 3820 Censor,
470 3756 532 3810 that
544 3756 580 3811 he
591 3755 665 3810 built
677 3755 796 3827 temples
810 3754 878 3809 with
891 3753 940 3807 tho
951 3752 1029 3807 ruins
1040 3751 1073 3806 of
1082 3751 1211 3824 temples,

105 3856 136 3893 as
155 3838 181 3890 if
196 3839 246 3892 tho
263 3840 333 3909 gods
349 3858 423 3896 wora
437 3848 488 3896 not
500 3842 679 3913 everywhere
695 3842 744 3897 tha
760 3858 854 3905 sama;
871 3840 928 3894 aud
940 3839 1005 3893 thus
1018 3837 1148 3893 involved
1160 3838 1210 3893 the

105 3926 230 3979 Romans
250 3925 280 3977 in
300 3924 432 3995 religious
452 3928 634 3983 irreverenco.
670 3927 762 3982 When
783 3927 905 3981 Marcius
919 3925 1068 3997 Philippus
1084 3941 1163 3979 came
1178 3929 1209 3978 to

105 4011 186 4073 Dius,
205 4010 242 4063 ho
264 4008 383 4063 ordered
404 4010 453 4064 tho
471 4016 546 4065 tenta
568 4019 598 4065 to
621 4012 658 4065 bo
678 4012 794 4081 pitched
815 4012 909 4066 under
935 4010 984 4064 tho
1008 4009 1122 4079 temple,
1145 4007 1210 4061 that

105 4095 225 4165 nothing
240 4097 269 4149 in
283 4080 333 4148 tho
347 4095 443 4149 sacred
459 4095 538 4166 placo
556 4095 647 4164 might
663 4096 700 4149 bo
717 4096 849 4150 violatod.
898 4094 1002 4148 Strabo
1020 4094 1123 4146 relatos
1144 4090 1209 4144 that

106 4182 283 4252 Tectosages,
298 4180 359 4234 who
378 4179 434 4233 had
451 4178 608 4250 plundercd
620 4178 669 4232 tho
684 4184 825 4233 troasures
839 4187 870 4233 at
881 4176 996 4247 Delphi,
1009 4176 1067 4239 did,
1082 4176 1112 4227 in
1127 4174 1210 4228 order

104 4274 136 4322 ιο
156 4284 277 4338 appense
295 4266 344 4320 tho
366 4265 497 4320 offended
521 4264 606 4334 deity,
629 4270 791 4318 consecrate
813 4261 892 4317 thom
914 4260 1009 4315 athis
1033 4260 1117 4315 homa
1142 4258 1209 4313 vrith

105 4352 262 4408 additional
277 4352 418 4423 offeriugs.

165 4445 183 4496 3
206 4441 248 4494 To
260 4455 340 4495 coma
355 4445 384 4493 to
400 4436 567 4495 Christiana:
581 4432 714 4509 Agathias
728 4436 831 4493 relates
844 4432 906 4492 that
921 4433 971 4489 the
987 4431 1096 4489 Franks
1110 4432 1211 4506 spared

1066 4544 1108 4605 16

208 4597 328 4684 [onor.
343 4594 406 4683 ιιι]
