2986 5048
275 302 316 366 62
424 313 476 368 DE
498 311 623 367 BELLO
644 310 765 366 JUSTO
788 311 876 367 SIVE
898 311 1069 368 SOLENNI
1088 312 1189 368 JURE
1232 314 1307 385 [hm.
1320 314 1377 369 111.

274 477 474 567 pugnandam
496 477 584 565 prius
607 476 647 543 ad
672 497 778 563 pacem
797 476 984 544 invitarent:
1008 478 1092 565 quod
1112 499 1181 542 cum
1198 477 1379 564 specialiter

273 578 318 643 illi
336 577 450 664 populo
467 576 575 642 dutum
599 577 648 654 sit,
667 576 747 641 male
764 597 784 641 a
800 577 954 641 nonnullis
971 598 1040 641 cum
1057 576 1130 662 jure
1147 577 1287 666 gentium
1305 600 1379 644 oon·

273 677 423 742 funditur.
475 677 587 762 Neque
609 674 690 741 enim
713 683 784 742 erat
807 675 861 740 illa
883 676 1114 763 qualiscumque
1139 699 1212 763 pax,
1238 678 1295 742 scd
1318 679 1378 745 sub

273 776 344 865 lege
364 775 560 862 subjectionis
586 783 619 842 et
640 773 757 842 tributi.
807 775 911 863 Cyrus
933 797 1003 841 oum
1027 776 1061 840 in
1078 775 1239 864 regionem
1264 777 1378 844 Arme-

274 875 395 940 niorum
412 874 614 962 pervenisset,
631 883 798 960 antequam
815 883 942 940 noceret
957 875 1098 962 cuipiam,
1112 875 1195 941 misit
1209 876 1251 941 ad
1266 898 1378 965 regem

274 974 329 1061 qui
345 974 484 1040 debitum
508 997 548 1040 ex
569 973 678 1040 federe
699 973 850 1040 tributum
874 983 908 1040 et
928 974 1056 1040 militem
1079 974 1262 1062 exigerent:
1288 978 1378 1054 voni-

276 1069 339 1167 ζων
362 1069 582 1167 φιλικώτερον
614 1077 694 1143 εἶναι
730 1069 843 1150 οὕτως,
870 1068 889 1154 ἢ
914 1072 958 1155 μή
985 1070 1189 1167 προειπόντα
1216 1072 1376 1168 πορεύεσ-

275 1176 340 1251 θαι,
366 1177 541 1240 humanius
565 1177 604 1239 id
629 1176 821 1240 existimant
843 1197 943 1258 quom
965 1177 996 1240 ai
1019 1176 1110 1240 ultro
1135 1177 1264 1241 duceret
1288 1178 1379 1242 nihil

110 1283 258 1384 &fg-„tm
269 1276 464 1360 praedicens,
491 1273 583 1339 utin
615 1295 652 1339 ea
677 1272 808 1338 historia
835 1273 1009 1360 Xenophon
1031 1273 1177 1360 loquitur.
1226 1275 1376 1341 Ceterum

270 1373 343 1458 jure
360 1372 499 1461 gentium
523 1373 565 1438 ad
587 1373 714 1438 effectus
738 1371 807 1437 illos
829 1372 1001 1459 peculiares
1023 1373 1163 1439 omnibus
1188 1374 1309 1439 casibus
1326 1397 1376 1440 re-

274 1471 407 1558 quiritur
424 1471 625 1549 denuntiatio,
641 1493 704 1537 non
719 1470 875 1558 utrinqne,
892 1471 947 1537 sed
964 1473 1005 1537 ab
1022 1471 1122 1538 altera
1139 1472 1274 1560 partium
1280 1476 1302 1539 ⁵.

349 1572 424 1642 VII.
468 1575 487 1637 1
523 1572 586 1638 Sed
611 1572 678 1637 haec
700 1570 893 1637 denuntiatio
917 1578 974 1637 aut
996 1571 1206 1638 conditionata
1228 1582 1285 1650 est,
1317 1582 1374 1642 aut

274 1695 362 1761 pura.
407 1671 633 1750 Conditionata,
650 1670 704 1737 nbi
729 1693 798 1736 oum
824 1693 931 1737 rerum
955 1671 1141 1758 repetitione
1165 1672 1375 1762 conjungitur.

273 1776 412 1840 ⁰Rerum
426 1781 531 1839 autem
547 1772 750 1859 repetitarum
768 1770 891 1836 nomine
903 1770 956 1856 jus
972 1770 1080 1836 feciale
1092 1773 1376 1858 comprehendebat

273 1894 336 1937 non
353 1881 474 1939 tantum
496 1872 733 1938 vindicationem
756 1892 796 1935 ex
811 1870 884 1955 jure
905 1869 1041 1946 dominii,
1066 1871 1122 1936 sed
1139 1878 1171 1935 et
1187 1872 1376 1957 persecutio-

273 1994 344 2037 nem
360 1972 436 2058 ejus‚
455 1972 538 2058 quod
562 1994 601 2037 ex
624 1992 716 2037 causa
736 1969 818 2035 civili
841 1977 897 2034 aut
915 1969 1051 2034 criminis
1073 1970 1214 2046 debetur,
1235 1979 1271 2035 ut
1287 1981 1375 2037 recte

273 2071 408 2158 explicat
424 2069 582 2135 ”Servius
634 2070 713 2134 Inde
737 2067 815 2132 illud
840 2067 873 2131 in
897 2067 1047 2144 formulis,
1074 2071 1180 2145 reddi,
1206 2072 1373 2154 satisfieri,

273 2173 351 2236 dedi
361 2197 373 2244 ,·
398 2168 452 2234 ubi
468 2171 554 2244 dedi,
572 2176 608 2233 ut
624 2167 697 2232 alibi
715 2165 856 2242 diximus,
875 2165 1111 2254 intelligendum
1128 2174 1186 2244 est,
1204 2168 1236 2232 ni
1261 2170 1374 2256 punire

273 2277 393 2334 sontem
411 2267 520 2333 malint
544 2267 604 2353 ipsi
626 2267 680 2353 qui
699 2265 934 2331 conveniuntur.
986 2267 1077 2332 Hanc
1093 2289 1199 2332 rerum
1215 2269 1375 2356 repetitio-

318 2418 409 2474 lQuid
419 2417 446 2476 si,
462 2431 511 2463 non
523 2417 614 2464 indicto
623 2418 697 2476 bello,
711 2419 798 2479 aliquis
847 2419 960 2464 Parntam
974 2419 1082 2466 chellc
1095 2419 1184 2480 Cyprio
1197 2420 1251 2467 Lib.
1260 2437 1277 2469 ι.
1303 2423 1376 2468 Biza-

273 2507 340 2540 mma
348 2493 424 2539 movit
433 2491 662 2552 adversusalternm,
672 2498 697 2539 et
707 2493 741 2539 sio
750 2493 797 2552 isti,
846 2505 899 2538 rum
918 2493 970 2540 Lib.
981 2506 1061 2539 xxm.
1080 2494 1110 2540 de
1124 2495 1216 2542 Turois.
1240 2495 1374 2558 Reinking'.

273 2569 315 2630 qni
325 2583 377 2615 sese
387 2568 514 2615 defendere
527 2568 629 2628 cogitur,
643 2583 690 2614 non
701 2570 798 2630 reliquit
846 2566 900 2613 Lib.
909 2581 938 2613 ιι.
951 2568 1025 2615 classe
1032 2569 1064 2615 iii.
1075 2583 1128 2629 cap.
1136 2572 1160 2617 4.

272 2644 352 2691 locum
368 2659 396 2692 ac
411 2648 509 2705 tempus
528 2645 586 2691 belli
606 2644 745 2693 indicendi?
766 2659 797 2691 an
890 2641 1028 2704 tSerrius]
1053 2645 1094 2690 Ad
1111 2657 1138 2692 x.
1154 2645 1278 2692 AEner'dcc.
1296 2646 1373 2707 (rere.

271 2716 322 2763 tale
330 2716 421 2763 bellum
434 2716 488 2762 ideo
500 2716 604 2762 minores
613 2716 720 2774 effectus,
735 2715 798 2763 Jure
846 2718 898 2776 14.)

270 2793 512 2852 gentiumhabebit?
542 2792 637 2839 Deinde
647 2793 746 2840 effectus
754 2793 797 2849 illi,
890 2793 1023 2854 qutm'us]
1039 2794 1112 2840 Libro
1123 2796 1225 2841 xxm.
1254 2795 1375 2858 Etleqats'

271 2869 362 2916 scilicet
370 2869 508 2930 impunitas,
518 2873 543 2915 et
550 2868 592 2929 jus
601 2869 665 2915 bello
676 2874 797 2928 captupro
846 2882 898 2915 cum
914 2870 949 2915 uul
964 2870 1041 2916 hoster
1059 2870 1202 2930 clericatum
1220 2871 1373 2931 mitterentur,

271 2944 321 2989 onis
330 2944 456 3000 retinendi,
468 2958 513 2989 nec
523 2958 552 2989 en
563 2943 699 2999 indictione,
713 2956 798 2988 nsoex
845 2942 874 2989 td
882 2948 922 3000 est,
937 2958 976 2990 ree
991 2949 1076 3004 ruptus
1090 2944 1155 2990 clarc
1168 2947 1298 3005 repetitum,
1313 2963 1374 2994 unsre

272 3017 333 3063 Jnre
347 3019 451 3076 quodam
468 3015 582 3062 Gentium
598 3015 733 3061 voluntario
749 3015 797 3060 ori·
845 3018 925 3078 utique
946 3018 1101 3065 Verbenarr‘m
1117 3019 1254 3065 uocabatur.
1287 3020 1322 3067 Et
1342 3024 1373 3069 dc

272 3091 361 3144 untur,
377 3091 405 3130 nt
415 3099 458 3130 suo
468 3086 521 3130 loco
532 3085 678 3131 ostendimus
688 3086 713 3131 in
726 3085 797 3132 Notis
846 3090 1044 3151 Verbenaagens
1058 3092 1119 3138 libro
1131 3107 1195 3140 xxv.
1208 3095 1230 3141 9.
1262 3094 1324 3143 Herc
1339 3102 1373 3145 eet

272 3160 360 3208 nocuis
370 3160 476 3206 Gallicis.
506 3160 536 3206 J.
547 3161 579 3206 Β.
845 3178 917 3223 quara
930 3165 1098 3226 thmorsem
1113 3167 1238 3213 adhortor
1254 3170 1373 3217 indicaui.

316 3233 431 3279 οΙίονιιιιι
446 3233 598 3292 repetitarum
613 3233 713 3295 nominc]
735 3234 797 3282 vids
845 3252 905 3285 mur.
930 3237 993 3284 Vide
1004 3238 1111 3284 Servium
1120 3239 1263 3289 edixetx.
1273 3245 1373 3295 AEnetd.

272 3449 396 3523 strongly
409 3450 448 3523 by
462 3466 540 3507 some
555 3451 734 3507 confounded
747 3450 813 3505 with
828 3450 877 3506 the
891 3451 957 3505 Law
971 3449 1004 3504 of
1015 3449 1144 3504 Nations.
1176 3449 1274 3522 Cyrus,
1289 3454 1371 3510 when

272 3535 310 3591 he
321 3537 377 3591 hed
392 3555 472 3593 corne
494 3539 554 3593 into
574 3537 623 3592 the
643 3542 761 3607 country
779 3535 813 3590 ot*
829 3535 878 3591 the
900 3535 1074 3600 Armenians,
1089 3535 1185 3591 before
1199 3536 1237 3592 hc
1252 3538 1300 3592 did
1315 3557 1372 3612 any

272 3621 353 3677 harm
371 3629 401 3678 to
419 3641 475 3694 any
492 3640 554 3684 one,
574 3627 637 3677 sent
655 3637 771 3692 persons
784 3626 815 3674 tc
835 3620 884 3675 the
895 3621 964 3692 king
979 3627 1009 3675 to
1029 3622 1079 3676 ask
1093 3622 1139 3675 for
1152 3623 1202 3678 the
1217 3625 1371 3696 appointed

272 3708 378 3762 tribute
397 3708 454 3761 and
475 3708 607 3770 soldicrs;
625 3708 747 3777 thinking
768 3707 825 3760 that
843 3724 916 3760 more
934 3708 1049 3761 humane
1068 3709 1134 3762 than
1149 3719 1174 3763 to
1189 3711 1283 3764 march
1296 3729 1371 3781 upon

273 3793 329 3844 tim
342 3791 452 3843 wttbout
466 3792 557 3855 notice,
572 3807 602 3844 as
616 3790 777 3862 Xenophon
792 3807 854 3862 says
869 3792 899 3844 in
913 3791 963 3847 tho
979 3793 1149 3866 Cyropoedic.
1195 3797 1253 3850 But
1267 3796 1306 3867 by
1321 3797 1370 3851 the

271 3875 338 3931 Low
353 3873 387 3929 of
397 3876 525 3939 Nations,
540 3893 558 3928 a
572 3874 744 3930 declaration
758 3874 792 3929 of
802 3893 859 3930 war
872 3878 896 3930 is
911 3879 1043 3949 requisita
1063 3881 1092 3933 in
1107 3881 1144 3934 ull
1160 3898 1237 3936 cases
1258 3887 1288 3936 to
1307 3883 1370 3952 gire

272 3961 401 4016 occasion
412 3959 458 4014 for
471 3958 551 4014 these
565 3959 690 4029 peculiar
702 3960 815 4026 effectu
832 3968 884 4017 not
898 3980 935 4018 on
949 3965 1019 4020 both
1033 3966 1116 4029 sides,
1129 3966 1182 4020 but
1196 3984 1233 4021 on
1250 3983 1312 4021 one.

326 4047 391 4101 VII.
438 4051 452 4099 l
483 4045 541 4099 But
563 4043 632 4099 such
658 4061 676 4098 a
697 4046 913 4104 declarationis
936 4050 1027 4106 either
1046 4052 1217 4107 conditional
1234 4069 1267 4107 or
1282 4069 1369 4124 pnre3

271 4132 452 4198 conditional,
465 4130 545 4186 when
557 4131 580 4184 it
589 4131 612 4185 is
627 4133 774 4203 conjoined
787 4135 853 4189 sith
868 4152 886 4190 a
900 4137 1021 4192 demand
1035 4139 1081 4193 sor
1094 4137 1144 4192 the
1158 4140 1326 4192 restoration
1340 4138 1374 4192 ot'

271 4220 321 4274 the
339 4219 433 4290 things
458 4219 488 4273 in
510 4219 647 4290 question.
683 4220 741 4275 But
766 4222 857 4276 under
880 4223 929 4278 the
955 4224 1077 4278 demand
1099 4223 1132 4277 of
1151 4225 1320 4278 restoration
1339 4222 1373 4278 of

271 4302 374 4374 things,
388 4306 437 4360 the
449 4306 544 4360 Fecial
561 4306 627 4359 tan
641 4306 867 4377 comprehended
882 4316 933 4364 not
947 4311 1015 4381 only
1028 4308 1163 4363 demands
1177 4308 1216 4380 by
1230 4309 1279 4364 the
1294 4309 1370 4380 right

272 4388 306 4440 of
316 4390 480 4461 owncrship,
494 4392 545 4446 but
560 4392 619 4446 also
634 4391 683 4446 the
701 4395 862 4464 promotion
877 4395 911 4449 of
927 4395 1063 4466 anything
1078 4392 1168 4446 which
1184 4412 1239 4449 was
1254 4395 1310 4449 due
1323 4394 1370 4449 for

271 4471 336 4526 civil
349 4472 444 4529 claims
459 4491 492 4528 or
506 4476 633 4531 criminal
647 4484 723 4542 notet
739 4494 770 4533 as
782 4479 895 4535 &rrius
909 4478 1014 4551 rightly
1027 4479 1161 4550 explains.
1207 4481 1305 4537 Hence
1319 4479 1370 4535 the
