2986 5048
110 679 156 719 Lth.
165 680 186 718 ii.
199 680 228 717 De

275 296 317 360 40
462 303 654 368 QUANTUM
676 302 720 356 IN
742 300 867 355 BELLO
891 300 1037 365 LICEAT,
1059 300 1142 356 ETC.
1235 295 1309 371 [Lm.
1324 304 1385 363 111.

275 469 370 534 talem
395 468 549 534 hominem
566 469 608 533 ad
629 467 748 534 facinus
769 467 908 555 impellit,
933 477 1035 533 aetum
1053 467 1157 543 talem,
1180 476 1258 555 putu
1282 470 1386 538 hostie

275 569 530 644 interfectionem,
552 590 619 633 esse
635 568 761 634 licitum.
815 568 902 632 Licet
918 567 999 632 enim
1021 566 1054 633 iu
1069 568 1098 632 ei
1114 567 1228 645 faeere,
1246 570 1301 635 sed
1319 593 1385 638 non

276 690 313 733 eo
331 667 432 733 modo.
473 668 559 732 Bene
577 667 791 755 Augustinus:
814 668 1050 732 amitteteret
1066 679 1176 733 utrum
1194 670 1264 755 ipee
1278 672 1385 738 eoelue

276 770 447 843 adelictae,
466 790 512 831 an
529 769 634 832 alium
645 779 783 854 prepter
801 779 830 832 te
847 769 1020 832 admittere
1036 767 1125 833 velie.

352 868 461 932 XXII.
501 866 595 931 Aliud
618 875 666 930 est
691 865 717 930 si
737 864 806 951 quis
831 887 927 951 opera
951 873 1062 951 sponte
1086 888 1144 930 nee
1169 888 1224 931 suo
1247 867 1384 956 impulsu

276 966 432 1052 peccantis
455 966 578 1031 adrem
599 965 656 1031 eibi
677 964 791 1030 licitam
814 974 940 1030 utetur:
967 964 1051 1050 quod
1068 963 1208 1050 iniquum
1231 989 1293 1032 non
1313 991 1386 1036 esso

276 1059 360 1131 bDei
389 1065 484 1152 ipsius
511 1065 652 1150 exemplo
682 1063 755 1129 alibi
785 1063 993 1150 probavimus.
1053 1066 1276 1151 Tramfuyum
1299 1068 1385 1152 jure

110 1237 137 1265 π
165 1237 178 1264 r
217 1236 237 1264 m
279 1167 355 1232 belli
381 1168 563 1251 recepimus,
587 1163 688 1250 inquit
715 1163 832 1239 Celsus,
858 1162 891 1228 id
917 1172 973 1240 est,
997 1165 1124 1228 ceontnu
1144 1163 1197 1250 jus
1221 1166 1293 1231 belli
1318 1190 1385 1234 110st

145 1283 165 1310 ἰ
278 1273 335 1341 est,
361 1272 397 1330 ut
420 1287 490 1331 eum
515 1262 725 1341 admittamus,
749 1262 802 1348 qui
824 1262 950 1328 deserte.
970 1259 1104 1329 hostium
1127 1273 1219 1349 perte
1241 1274 1383 1334 nostram

279 1364 375 1453 engo.

324 1529 400 1576 tDei
409 1530 486 1590 ipn'm
495 1529 608 1590 exemplo]
624 1529 698 1576 Libro
709 1542 739 1575 ιι.
751 1542 805 1590 eep.
857 1529 955 1586 AEtolie,
974 1530 1104 1577 Antiocho.
1145 1532 1261 1592 Polybius
1286 1533 1311 1579 in
1325 1534 1383 1580 Ez-

279 1606 342 1653 xxvi.
354 1605 368 1665 5
378 1609 401 1654 5.
856 1605 943 1664 cerptt's
955 1605 1112 1665 Leontionum
1127 1620 1166 1655 nx.
1181 1621 1279 1655 xxvm.
1295 1621 1382 1656 xxxv.

322 1679 485 1738 ‘contrajac
494 1679 749 1736 &lineamentum
758 1677 804 1723 ad-
855 1677 989 1724 Menander
1008 1685 1130 1738 protector
1152 1682 1215 1728 idem
1236 1696 1280 1727 non
1301 1682 1384 1730 donet.

277 1758 396 1804 mittamus
405 1754 659 1817 quidemmtoseinm
668 1758 804 1813 partenoae-
855 1753 929 1812 (Peg.
946 1755 999 1800 118.
1024 1753 1094 1801 Edit.
1109 1754 1205 1802 Hoeseh.
1223 1757 1248 1801 in
1264 1756 1385 1803 conditio-

278 1837 341 1878 tram
356 1830 432 1891 etiqn‘t]
448 1830 534 1890 Neque
549 1829 665 1875 reddendi
676 1828 744 1885 tales,
759 1827 805 1873 nini
856 1827 926 1872 nibus
951 1828 1059 1874 noueris
1083 1829 1147 1877 inter
1171 1830 1334 1878 sastinianum
1357 1837 1384 1878 et

278 1920 338 1966 poce
348 1904 498 1952 convenerit:
511 1908 608 1964 utpeoe
618 1916 671 1948 oum
683 1901 804 1962 Philippo,
857 1901 988 1949 chosroen.
1012 1903 1038 1950 J.
1050 1904 1097 1964 Β.)

280 2155 343 2210 thet
363 2161 393 2209 ιο
415 2153 475 2207 him
494 2152 557 2207 who
580 2153 679 2224 impete
702 2151 772 2207 euch
792 2171 810 2207 o
835 2170 902 2209 man
924 2160 955 2209 to
976 2155 1084 2211 suche
1105 2156 1186 2221 deod,
1207 2174 1256 2229 eny
1277 2163 1307 2213 to
1330 2157 1384 2214 hill

280 2258 317 2296 en
334 2256 442 2310 enemy,
461 2238 511 2294 the
531 2238 603 2292 deod
619 2240 641 2292 ie
661 2238 764 2294 lawful.
803 2240 866 2294 Itis
882 2240 985 2306 lawful,
1001 2242 1053 2296 hut
1067 2249 1118 2297 not
1138 2244 1168 2297 in
1180 2243 1244 2299 thet
1255 2260 1384 2299 manner.

280 2326 436 2396 Augustine
457 2340 519 2395 enyo
538 2323 609 2388 well,
629 2325 657 2378 It
679 2325 769 2378 makes
783 2343 818 2380 no
833 2326 970 2396 defferew
985 2330 1098 2384 whether
1109 2347 1165 2401 you
1176 2331 1303 2406 youreelf
1311 2349 1385 2386 eom-

280 2413 330 2465 mit
344 2429 363 2464 a
377 2410 540 2474 edelredum,
555 2427 587 2462 or
601 2410 679 2464 mate
692 2411 804 2465 another
817 2431 884 2466 man
898 2415 1006 2468 oomnnit
1020 2416 1042 2468 it
1048 2417 1102 2489 sor
1113 2434 1177 2487 you.

334 2496 432 2551 XXII.
469 2494 531 2550 The
543 2512 605 2551 ease
618 2497 641 2550 ie
658 2496 798 2562 different,
812 2499 838 2553 if
853 2516 909 2570 ony
923 2517 978 2555 one
992 2517 1044 2557 neo
1059 2502 1108 2557 the
1122 2501 1189 2574 help
1205 2501 1237 2556 of
1248 2519 1266 2556 e
1280 2518 1384 2574 person

280 2583 342 2637 who
361 2582 428 2636 does
445 2598 541 2653 wrong
559 2581 592 2635 of
605 2580 648 2637 hie
667 2600 729 2638 own
747 2585 856 2649 accord,
878 2586 934 2639 nnd
956 2593 1006 2641 not
1028 2594 1058 2643 et
1076 2587 1120 2642 hie
1137 2588 1274 2660 impulse3
1292 2589 1384 2644 which

280 2686 323 2724 we
341 2668 412 2723 huwe
432 2668 538 2740 proved
558 2667 716 2734 ehewhere,
733 2668 771 2742 by
790 2669 840 2726 the
858 2673 985 2744 example
1004 2673 1037 2728 of
1055 2674 1121 2729 (tou
1141 2673 1262 2740 himself,
1277 2681 1329 2729 not
1351 2681 1383 2730 ιο

281 2756 317 2811 be
332 2756 435 2826 unjuet.
486 2754 534 2809 We
555 2756 650 2810 receive
671 2773 690 2808 a
712 2756 825 2811 deserter
842 2759 877 2829 by
898 2760 939 2813 tte
961 2760 1027 2814 lawe
1049 2763 1086 2830 os
1100 2778 1169 2824 war,
1191 2777 1254 2832 says
1270 2761 1385 2827 Celsus3

281 2843 344 2898 thet
357 2842 390 2907 ie,
404 2841 428 2896 it
441 2841 465 2896 ie
478 2847 529 2894 not
543 2841 653 2912 against
672 2841 721 2896 the
740 2841 806 2898 lewe
827 2844 861 2898 of
878 2862 935 2899 war
954 2853 984 2900 ιο
1005 2847 1114 2901 reoeiwe
1133 2846 1192 2900 him
1210 2845 1272 2901 who
1290 2847 1383 2903 leaves

280 2928 330 2985 the
345 2945 446 2999 enemy
460 2927 517 2982 end
532 2943 624 2983 eomes
640 2944 707 2983 over
721 2934 751 2983 to
766 2945 809 2985 us.
