2986 5048
275 310 317 374 32
546 315 738 380 Quintum
760 313 804 367 ln
825 311 950 366 BELLO
973 311 1120 375 menta,
1235 307 1310 381 [Lus.
1324 312 1382 370 111.

276 481 423 548 divinitus
448 481 532 547 datm
552 481 706 569 specimen
732 479 828 554 dedit,
854 500 923 545 cum
944 478 1029 565 apud
1050 477 1196 543 mulieres
1221 477 1262 543 de
1283 487 1384 566 partu

275 581 434 670 litigantes
450 603 542 646 voces
559 602 612 646 eas
628 580 759 668 protulit
775 601 846 665 quae
863 579 1054 645 voluntatem
1070 576 1228 642 scindendi
1252 577 1383 645 infantis

276 680 497 768 significarent,
515 702 584 745 oum
600 681 721 746 animus
734 679 762 744 ei
779 676 985 766 longissimos
1002 676 1057 741 tali
1071 675 1231 742 voluntate
1245 677 1380 755 abesset,

277 787 310 845 et
326 801 411 844 verte
428 779 520 844 matri
537 802 626 844 suum
642 787 767 866 partum
782 777 956 843 attribuere
972 775 1076 841 vellet.
1129 773 1314 852 Quintiliani
1331 784 1382 842 est

113 881 264 978 {ffifgg‘ffi
278 876 414 944 dictum:
442 881 623 965 aliquunde
646 879 748 963 eripit
771 879 948 943 communie
964 877 1096 940 utilitas
1116 886 1154 939 ut
1171 877 1381 962 etiamsolum
1433 964 1436 970 ³

278 979 505 1064 defendantur.

353 1078 442 1143 XVI.
488 1077 638 1155 Quintum
655 1098 724 1142 esse
739 1083 853 1164 potest,
877 1074 1018 1161 11quoties
1035 1073 1101 1138 rita
1122 1071 1301 1149 innocentis,
1324 1080 1381 1140 aut

276 1197 336 1264 par
353 1175 470 1262 aliquid
485 1176 576 1242 aliter
593 1177 722 1253 serrari,
749 1183 782 1240 et
797 1175 878 1241 alter
894 1175 934 1239 ab
950 1171 1082 1259 improbi
1098 1171 1243 1237 facinoris
1259 1172 1381 1259 perfec-

276 1275 361 1342 tione
377 1275 468 1341 ahter
480 1276 581 1341 averti
598 1298 660 1340 non
673 1283 795 1363 potest:
812 1273 903 1360 quale
915 1272 975 1338 fuit
987 1271 1101 1338 iactum
1119 1272 1380 1360 Hypermnestrse

111 1396 225 1481 mppr
277 1395 349 1461 quta
365 1374 425 1440 hoo
441 1374 565 1441 nomine
581 1374 703 1440 landari
718 1374 807 1449 solet,

111 1490 170 1527 ’δᾶ
516 1490 691 1565 ⁰Splendide
705 1492 835 1556 mendax,
849 1498 879 1547 et
893 1492 922 1545 in
938 1508 1021 1547 omne
1036 1491 1114 1563 virgo

667 1578 779 1634 Nobilis
793 1595 891 1634 aerum.

349 1681 456 1748 XVIl.
496 1682 515 1744 1
550 1677 659 1744 Latius
676 1699 768 1764 quam
786 1699 857 1764 quae
870 1676 936 1761 jam
954 1676 1088 1742 diximus
1104 1683 1193 1764 patet
1210 1676 1293 1763 quod
1310 1698 1380 1765 pas-

277 1779 335 1844 sim
352 1787 495 1845 statuant
517 1778 681 1866 sapientes,
705 1777 789 1864 apud
806 1778 927 1842 hostem
949 1776 1027 1841 salso
1048 1797 1190 1842 sermone
1211 1776 1257 1842 nti
1277 1776 1379 1842 licere.

279 1879 331 1944 Sic
347 1879 467 1968 regulis
482 1880 522 1944 de
539 1901 601 1943 non
618 1877 796 1944 mentiendo
812 1874 1025 1962 exceptionem
1042 1875 1099 1940 nisi
1113 1876 1263 1942 adversus
1275 1876 1381 1942 hostes

276 2055 314 2100 nie
324 2056 433 2111 inureret,
443 2055 477 2100 ait
485 2054 639 2100 Cassiodorus
646 2049 801 2097 deAmicitia
853 2064 936 2095 snmus
951 2051 1046 2111 objecti,
1061 2051 1139 2112 ponit,
1154 2051 1295 2099 necessitate
1312 2065 1381 2099 men-

279 2128 354 2189 [Cap.
376 2130 416 2173 De
435 2126 554 2173 Naturali
573 2125 651 2181 Moru,
672 2138 728 2183 pag.
750 2123 801 2171 637.
854 2125 903 2170 tiri.
919 2124 995 2185 (Cup.
1007 2124 1057 2185 19.)

275 2202 345 2248 Edit.
367 2201 453 2248 omes.
475 2201 542 2248 1650.
573 2200 620 2246 Sed
638 2200 658 2245 is
673 2199 734 2245 liber
753 2211 802 2243 non

276 2281 313 2323 est
324 2273 480 2333 Cassiodori]

321 2357 333 2382 ¹¹
359 2349 455 2408 Quoties
474 2348 524 2394 uita
544 2348 679 2405 innocentie,
694 2351 737 2393 aut
754 2360 803 2405 par

275 2422 371 2483 aliquid
385 2424 457 2468 aliter
472 2422 572 2478 seruari,
589 2428 611 2468 et
628 2423 690 2468 alter
709 2421 740 2467 ab
758 2421 803 2466 im-

272 2498 346 2559 proli
349 2497 473 2558 facinoris
484 2498 627 2557 perfectione
641 2497 714 2543 aliter
728 2497 804 2542 auerti

276 2574 416 2633 nonpoteet]
432 2573 584 2632 Augustinus
594 2573 618 2617 in
634 2585 658 2618 v.
675 2572 804 2628 Psalmum,

278 2648 308 2709 (ἕ
329 2650 357 2706 7)
377 2649 467 2696 relatas
487 2663 502 2695 a
523 2649 640 2695 Gratiano
660 2649 685 2694 in
708 2661 803 2694 causum

276 2737 347 2773 xxrr.
359 2731 444 2786 quaest.
453 2738 483 2772 11.
494 2739 514 2772 c.
526 2725 620 2785 nequis
632 2727 667 2771 rt
700 2724 759 2785 [Sed
769 2724 804 2769 ita

277 2806 305 2847 nt
313 2803 384 2848 verbe
393 2802 475 2862 paullo
482 2802 574 2848 diversa
584 2802 640 2847 sint.
651 2800 678 2847 J.
685 2798 729 2861 B.]
746 2799 804 2845 Duo

276 2890 331 2923 cero
340 2883 394 2924 eunt
404 2892 490 2938 genera
499 2877 672 2923 mendaciorum
683 2877 707 2922 in
720 2876 804 2936 quibus

276 2951 804 3014 mountmaunaculpratedtamenmoneunt

276 3027 803 3087 oineculpa,cumautj0camur,autprorimo

275 3101 415 3147 consulendo
424 3099 554 3146 mentimur.
584 3098 653 3144 Illud
661 3105 738 3145 autem
749 3100 805 3159 pri.

276 3188 339 3220 mum
354 3174 379 3217 in
389 3173 495 3231 Ιἰοοοιιιὶο
511 3173 563 3218 ideo
577 3186 623 3218 non
639 3178 672 3218 eet
685 3174 804 3232 penicio-

276 3261 334 3302 eum,
353 3247 412 3306 quia
427 3261 473 3292 mon
480 3246 561 3307 fallit.
590 3245 667 3293 Nooit
681 3248 741 3293 emim
756 3248 804 3305 ille,

898 2205 911 2230 ⁰
926 2199 1053 2259 Splendide
1058 2200 1169 2261 mendax]
1181 2201 1228 2248 Ubi
1235 2201 1382 2259 scholiastes,

855 2273 966 2320 decenter.
998 2275 1130 2322 Pulchrum
1146 2281 1179 2321 eet
1195 2277 1255 2322 enim
1268 2290 1314 2336 pro
1326 2277 1382 2335 jue.

855 2348 911 2393 titia
924 2348 1023 2396 mentiri.
1055 2349 1136 2395 Simile
1150 2354 1186 2396 est
1200 2350 1260 2395 illud
1277 2351 1381 2411 chryso·

856 2423 928 2468 atomi
940 2424 970 2470 de
980 2425 1094 2471 Rahube:
1110 2423 1129 2471 oi
1145 2424 1222 2471 καλοῦ
1237 2424 1382 2486 meliorati

855 2496 934 2544 καλοῦ
949 2499 1033 2556 δόλου,
1052 2501 1080 2545 ot
1094 2499 1254 2559 προδιδόντος
1268 2498 1303 2546 ‘rei
1317 2499 1382 2556 θεῖα,

855 2571 925 2619 ἀλλά
944 2574 1124 2633 φυλάττοντος
1135 2575 1182 2630 τήν
1192 2574 1318 2635 ἀλήθειαν,
1328 2581 1381 2630 aut,

855 2652 884 2693 ut
901 2648 941 2694 alil
959 2649 1048 2696 habent
1064 2650 1164 2706 codices,
1181 2649 1229 2704 τήν
1247 2651 1382 2709 εὐσέβειαν,

857 2720 870 2768 ὅ
885 2724 1013 2784 pulchrum
1031 2726 1184 2783 mendacium,
1205 2724 1219 2772 ὂ
1238 2727 1381 2773 laudabilem

856 2799 942 2856 dolum,
962 2815 1007 2845 non
1024 2801 1146 2859 prodeatis
1165 2815 1204 2848 ree
1220 2802 1321 2857 diuinae,
1340 2801 1383 2847 red

855 2874 1006 2920 custodientis
1022 2889 1101 2921 mam
1112 2877 1231 2935 pietatem.
1262 2877 1380 2937 Augusti·

855 2963 901 2995 nus
911 2950 941 2997 de
950 2950 1128 2997 obstetricibus
1135 2951 1271 3012 AEgyptiis:
1287 2947 1301 2996 ὅ
1313 2965 1381 3010 maq-

855 3039 910 3070 mum
923 3025 1079 3072 humanitati}
1092 3027 1215 3086 imperium,
1231 3026 1245 3071 ὀ
1255 3026 1323 3085 pium
1333 3040 1381 3085 pro

855 3099 932 3145 salute
941 3099 1104 3146 mendacium!
1123 3101 1218 3148 Laudat
1231 3103 1324 3148 easdem
1338 3101 1382 3146 ob·

856 3175 971 3230 stetricee,
996 3179 1022 3221 et
1042 3177 1141 3234 premis
1159 3177 1206 3222 illis
1226 3178 1289 3234 data,
1308 3178 1382 3223 stiam

855 3252 954 3303 aeterna,
966 3247 1042 3292 credit
1056 3247 1216 3307 Hieronymus
1225 3251 1256 3294 ad
1268 3251 1383 3299 Ezechie.

276 3322 316 3368 eui
326 3321 421 3376 dieitur,
431 3320 693 3380 caueajoeandifieieee
707 3323 801 3368 dietum.
855 3322 902 3367 lem
912 3320 992 3366 xxviii.
1003 3320 1072 3380 (pag.
1084 3321 1143 3377 481)
1153 3323 1217 3366 etad
1229 3323 1322 3366 Εειιίιιιιι
1333 3326 1382 3373 lxv.

277 3396 408 3444 &cundum
427 3401 504 3443 autem
523 3397 576 3442 ideo
595 3397 671 3441 minue
689 3403 731 3454 eet,
746 3397 805 3456 quia
856 3397 926 3457 (pag.
945 3397 1002 3456 249)
1028 3396 1169 3442 Ambrosius
1194 3396 1229 3441 cd
1253 3396 1383 3455 syaqrtum

276 3473 360 3520 retinet
374 3473 509 3518 normullam
525 3472 712 3519 benevolentiam.
742 3472 802 3517 Ter·
855 3471 917 3516 libro
937 3483 994 3515 ιιιι.
1020 3468 1110 3531 (Epist.
1123 3469 1195 3527 lxiii.)
1228 3471 1382 3529 Augustinus

277 3547 391 3594 tullianus
401 3549 463 3594 libro
470 3549 499 3595 de
508 3547 634 3594 Pudicitia
644 3546 708 3593 inter
717 3546 805 3592 delicta
855 3546 916 3605 ipse,
930 3550 958 3590 nt
975 3546 1044 3602 solet,
1058 3547 1160 3603 varians,
1177 3548 1208 3592 ad
1225 3548 1381 3597 Consentium

277 3623 423 3682 quotidiana
433 3622 606 3681 incursationis,
620 3621 707 3682 quibus
721 3633 804 3667 omnes
855 3625 940 3665 contra
952 3621 1101 3667 mendacium
1114 3635 1136 3669 c.
1148 3623 1184 3670 15.
1209 3623 1324 3671 'l'ostatus
1338 3639 1381 3672 ne·

334 3871 415 3926 XVI.
460 3870 564 3926 Ahith
580 3885 643 3925 case
657 3885 723 3940 may
736 3868 774 3924 be
787 3868 869 3923 when
888 3869 937 3924 the
952 3869 1002 3926 life
1018 3871 1051 3925 ol
1068 3887 1104 3924 an
1124 3871 1257 3926 innocent
1271 3888 1381 3944 person,

278 3974 312 4012 or
326 3956 486 4028 something
503 3958 536 4011 of
551 3957 608 4011 like
622 3955 713 4019 valae,
731 3962 835 4010 cannot
846 3955 993 4012 otherwise
1007 3957 1044 4012 be
1058 3958 1215 4029 preserved,
1230 3960 1286 4012 and
1301 3958 1381 4012 when

278 4043 399 4099 another
412 4059 514 4115 person
529 4048 633 4098 mnnot
648 4039 795 4097 otherwise
810 4042 847 4097 be
866 4043 1000 4098 withhold
1019 4044 1094 4100 from
1116 4045 1165 4099 the
1188 4045 1381 4116 perpetration

278 4131 312 4186 of
324 4149 342 4186 a
355 4130 462 4185 wicked
477 4136 539 4184 act:
562 4145 593 4183 as
608 4130 637 4183 in
652 4127 701 4183 the
716 4145 779 4184 case
794 4130 827 4183 of
838 4131 1068 4202 Hypermnestra,
1079 4133 1159 4202 nobly
1165 4133 1248 4204 salse.

332 4217 427 4272 XVII.
473 4221 486 4269 l
517 4214 604 4270 What
619 4215 734 4271 learned
756 4233 821 4271 men
842 4218 1002 4289 commonly
1017 4218 1064 4290 lay
1084 4218 1175 4281 down,
1188 4233 1255 4287 goes
1270 4212 1381 4269 further

278 4301 349 4356 thnn
364 4302 439 4357 what
453 4318 493 4356 wc
508 4301 579 4357 have
601 4302 659 4357 said
669 4303 833 4375 3-nnmely,
848 4303 911 4358 that
928 4320 970 4358 we
991 4321 1055 4373 may
1071 4310 1148 4358 uttcr
1168 4301 1328 4356 falsehoods
1350 4306 1381 4354 to

279 4404 317 4439 an
330 4403 438 4459 enemy.
472 4387 548 4442 Thus
561 4395 592 4443 to
603 4389 651 4444 the
663 4389 725 4443 rnle
737 4399 783 4443 not
794 4399 820 4443 to
833 4391 873 4454 lie,
884 4406 921 4444 en
934 4391 1089 4461 exception,
1098 4390 1184 4442 unkes
1196 4397 1222 4442 to
1235 4406 1273 4441 aa
1283 4405 1382 4457 enemy,

280 4473 304 4526 is
324 4472 417 4528 added
438 4473 475 4546 by
497 4474 589 4543 Plato,
612 4474 783 4547 Xenophon,
803 4474 886 4530 Philo
908 4492 1011 4547 among
1031 4475 1081 4530 the
1099 4476 1182 4542 Jews,
1201 4474 1382 4547 Chrysostom
