2986 5048
117 307 185 362 Gar.
200 305 297 374 xxi]
363 307 431 362 UBI
452 309 504 362 DE
527 308 712 373 lNDUGIIS,
735 304 959 369 GOMMEATU,
982 306 1064 361 ETG.
1154 297 1216 360 365

192 475 213 536 2
249 471 300 537 Sic
325 494 412 561 ergo,
439 481 474 538 ut
497 482 530 538 et
557 472 676 539 Gellius
698 471 787 548 dixit,
810 493 963 557 acopos
983 484 1029 538 eet
1049 473 1359 585 indacioefppprca.

117 573 234 637 bellam
251 574 336 638 caim
353 585 470 649 maaet,
491 595 607 657 papae
630 584 742 638 cessat.
795 573 838 636 Et
853 570 885 634 in
902 570 1093 658 panegyrico
1111 570 1215 636 Latini
1228 599 1276 647 cap.
1286 600 1303 637 o.

116 671 225 736 Pacati
242 671 392 759 legimus:
420 674 562 736 iadacioe
584 673 668 736 bella
685 660 928 756 suspendebant.
983 670 1074 747 Quod
1092 691 1128 734 eo
1147 669 1215 735 dico

115 779 152 835 ut
168 771 308 849 sciamus,
328 771 354 835 si
377 770 453 856 quid
473 769 625 845 convenit,
648 778 684 834 ut
703 769 775 835 belli
797 778 939 856 tempore
961 769 1073 848 valeat,
1099 768 1133 833 id
1158 791 1216 856 per

116 867 254 934 inducias
276 891 399 955 quoquc
420 869 535 944 ualere,
558 868 618 933 nisi
641 867 804 933 manifeste
825 877 987 954 appareat,
1013 890 1075 932 non
1099 876 1215 934 statum

117 967 251 1054 spectari
268 969 323 1034 sed
339 969 422 1055 ipsas
438 968 620 1034 functiones.
670 969 796 1044 Contra,
814 967 933 1052 siquid
950 967 990 1033 de
1006 988 1083 1054 pace
1100 967 1214 1033 dictum

116 1067 187 1149 erit,
213 1066 246 1133 id
268 1068 461 1133 induciarum
486 1076 627 1153 tempore
651 1067 752 1131 locum
779 1088 841 1131 non
864 1065 1012 1144 habebit;
1038 1088 1216 1153 quanquam

117 1166 268 1254 Virgilius
298 1189 407 1254 pacem
433 1175 625 1252 sequestram
657 1164 744 1242 dixit,
781 1164 910 1230 Servius
939 1165 981 1230 ad
1012 1188 1083 1230 cum
1115 1167 1214 1231 locum
1229 1189 1313 1229 nnn.
1326 1189 1365 1228 m

116 1287 225 1352 pacem
240 1267 453 1353 temporalem,
471 1274 507 1330 ut
523 1273 556 1330 et
570 1263 763 1350 Thucydidis
775 1263 953 1329 scholiastes
968 1259 1096 1355 εἰρήνην
1114 1261 1214 1356 epdo-
1229 1284 1261 1322 ae
1271 1285 1373 1325 nura

116 1394 239 1458 πωρον,
266 1366 414 1444 πόλεμον
436 1357 619 1439 ὠδίνουσαν,
644 1365 748 1428 Varro
769 1384 876 1449 pacem
896 1371 1078 1438 castrorum,
1104 1384 1216 1449 pauco-
1228 1332 1343 1417 ΨΜ

117 1486 187 1528 rum
213 1464 353 1530 dierum:
377 1486 447 1550 quae
470 1486 576 1528 omnes
596 1472 670 1528 sunt
691 1483 754 1527 non
779 1460 972 1527 definitiones
999 1461 1055 1526 sed
1082 1460 1216 1527 delinea-

116 1562 217 1629 tiones
234 1564 385 1650 quaedam,
403 1572 510 1650 eaeque
526 1563 679 1652 figurata.
727 1560 835 1639 Qualis
851 1570 884 1626 et
900 1560 953 1626 illa
969 1561 1131 1637 Varronis,
1147 1583 1216 1626 cum

117 1662 254 1729 inducias
270 1664 349 1729 dixit
367 1663 516 1729 bellorum
529 1663 632 1739 ferias,
651 1670 797 1747 potuerat
814 1670 847 1726 et
863 1660 935 1725 belli
946 1682 1086 1725 somnum
1104 1660 1215 1726 dicere.

119 1762 170 1828 Sic
196 1773 228 1829 et
246 1764 329 1851 ipsas
351 1763 491 1828 forenses
512 1761 605 1827 ferias
622 1781 730 1847 pacem
755 1759 876 1825 vocavit
893 1759 1060 1846 Papinius;
1085 1768 1118 1824 et
1137 1781 1217 1824 som-

117 1864 208 1926 num¹
226 1863 411 1929 Aristoteles
433 1860 587 1928 vinculum
608 1880 840 1946 sensuumque
865 1858 1008 1945 exemplo
1030 1868 1063 1924 et
1080 1857 1218 1924 inducias

118 1962 189 2026 belli
207 1961 361 2028 vinculum
379 1969 463 2027 recte
481 1959 605 2026 dixeris.

193 2064 214 2125 3
250 2062 289 2125 Iu
315 2063 360 2126 lli.
379 2059 531 2127 Varronis
555 2068 658 2124 autom
682 2058 882 2145 expositione,
905 2080 998 2144 quam
1019 2067 1052 2124 et
1074 2060 1217 2124 Donatus
1229 2066 1324 2151 ῥοιῇ-ρ
1324 2067 1381 2149 epe·

118 2160 266 2246 sequitur,
281 2161 340 2225 hoo
356 2170 441 2226 recte
457 2158 660 2246 reprehendit
678 2157 805 2234 Gellius,
821 2158 903 2243 quod
921 2180 1035 2245 paucos
1051 2158 1118 2223 dies
1132 2158 1217 2244 adje-
1230 2160 1297 2243 ffi
1307 2205 1338 2242 2,

119 2258 169 2335 cit,
188 2260 353 2324 ostendens
370 2260 469 2325 solere
486 2269 518 2323 ct
535 2258 567 2322 in
585 2259 678 2323 horas
698 2255 777 2336 dari,
796 2258 910 2323 addam
927 2280 1003 2346 ergo
1021 2266 1054 2323 et
1071 2257 1103 2322 in
1119 2279 1217 2322 annos

118 2357 212 2423 ctiam
238 2357 358 2447 viginti,
387 2358 526 2447 triginta,
547 2357 765 2445 quadraginta,
793 2357 887 2422 etiam
914 2366 1056 2422 contum:
1084 2379 1217 2443 quarum

117 2457 200 2542 apud
219 2458 340 2522 Livium
362 2458 514 2544 exempla,
536 2479 605 2543 quae
629 2465 663 2521 et
680 2456 765 2521 illam
791 2457 881 2521 Pauli
900 2455 1120 2522 ‚iurisconsulti
1142 2457 1217 2521 defi·
1232 2480 1353 2563 gimpa

117 2557 263 2623 uitionem
281 2557 497 2645 redarguunt:
523 2558 664 2620 iadacioe
684 2566 760 2620 sant
777 2578 849 2620 cum
872 2559 908 2620 in
926 2557 1016 2622 breve
1033 2567 1063 2621 et
1080 2559 1115 2620 in
1132 2579 1220 2642 prae·
1231 2574 1285 2620 cart
1297 2571 1307 2619 ι
1318 2573 1334 2610 1·

117 2680 187 2723 scas
205 2670 328 2743 tempus
344 2658 499 2731 convertit,
517 2677 556 2719 ne
573 2657 709 2719 inuicem
726 2673 758 2717 se
777 2655 946 2718 lacessant.

118 2813 209 2858 Seneca
218 2812 283 2857 dicto
290 2810 340 2869 jam
351 2810 419 2856 loco:
430 2810 520 2867 artifex
530 2814 563 2854 eet
573 2809 644 2853 etium
739 2804 746 2834 ¹
764 2806 827 2853 Vide
837 2807 976 2868 Philosophi
987 2810 1086 2855 Librum
1100 2810 1140 2856 De
1151 2810 1218 2856 som-

118 2886 157 2929 νηὶ
177 2884 211 2929 ad
227 2884 378 2930 exercendum
397 2888 472 2929 artem
492 2883 644 2928 imtrumentu
694 2895 724 2927 nc
734 2885 755 2926 et
770 2880 866 2939 l'igilia,
877 2895 930 2940 cap.
939 2886 961 2929 3.
972 2884 996 2927 in
1007 2884 1062 2930 line.
1091 2884 1120 2931 J.
1130 2884 1163 2929 Β.

119 2962 303 3016 noamppetant.

736 3054 915 3061 ——.....-.--.

118 3156 143 3209 if
155 3155 291 3227 anything
310 3154 333 3208 is
353 3155 412 3209 said
433 3155 466 3209 of
477 3172 571 3227 peace,
586 3155 649 3210 that
664 3156 718 3210 will
734 3164 785 3212 not
798 3156 865 3211 hold
878 3157 923 3212 for
935 3157 983 3212 the
996 3158 1064 3212 time
1076 3158 1110 3213 of
1122 3165 1217 3215 truce:

118 3241 254 3312 although
268 3240 360 3311 Virgil
376 3241 443 3296 calls
456 3250 564 3297 atroce
582 3261 601 3296 a
616 3244 760 3314 seqaatrcl
771 3261 861 3315 peace,
872 3244 962 3299 which
976 3245 1097 3311 Servius,
1117 3263 1155 3300 on
1170 3246 1220 3301 the

118 3345 242 3398 passage,
262 3327 387 3400 explains
411 3344 441 3382 as
463 3346 481 3383 a
500 3335 662 3401 temporary
682 3346 777 3401 peace.
815 3331 853 3384 As
874 3331 933 3385 also
954 3330 1003 3385 the
1025 3331 1164 3385 Scholiast
1182 3349 1220 3391 on

118 3414 305 3486 Thucydides,
319 3432 357 3467 aa
375 3416 524 3470 οιναείοηαι
532 3433 621 3485 peace,
641 3432 674 3469 or
691 3434 709 3468 c
720 3434 781 3469 war
792 3417 823 3468 ia
835 3416 938 3469 lohoar.
974 3417 1066 3469 Varro
1081 3416 1149 3470 calls
1164 3419 1187 3470 it
1201 3436 1220 3471 c

118 3517 295 3572 camp-peace,
315 3517 335 3554 a
344 3519 425 3570 peace
439 3503 476 3570 of
484 3519 503 3554 a
515 3503 575 3568 few
589 3502 674 3570 dayes
698 3499 750 3554 but
765 3500 803 3552 all
817 3498 896 3553 these
915 3515 963 3552 arc
982 3506 1033 3552 not
1050 3500 1220 3567 definitione,

118 3585 170 3639 but
184 3585 377 3655 descriptione,
393 3586 450 3638 and
469 3583 671 3654 metaphorical
693 3583 885 3654 descriptione.
931 3585 969 3636 Sc
992 3589 1040 3638 too
1063 3584 1168 3638 iethet
1190 3587 1224 3641 of

118 3670 218 3733 Varro,
228 3669 310 3722 when
321 3667 359 3722 hc
370 3669 438 3724 calls
450 3684 468 3722 a
479 3673 559 3722 truce
571 3669 611 3721 the
625 3667 734 3738 toliday
747 3684 779 3721 or
791 3669 914 3722 vasatica
926 3670 1035 3737 ofwcr.
1072 3670 1117 3724 He
1129 3671 1220 3742 might

117 3753 189 3808 have
215 3753 305 3807 called
329 3753 352 3806 it
371 3771 389 3805 a
412 3754 527 3806 elamber
547 3755 582 3825 ⁰f
599 3770 666 3806 coar.
706 3754 744 3807 So
764 3753 813 3807 the
831 3753 944 3825 holiday
961 3755 1103 3825 produced
1118 3756 1156 3828 by
1171 3758 1220 3813 thc

118 3838 268 3894 forensical
282 3839 453 3892 ceremonias
472 3838 495 3892 is
516 3837 607 3893 called
626 3854 744 3910 apeace
761 3839 800 3911 by
814 3841 957 3910 Papinius.
1003 3841 1137 3898 Aristotle
1151 3843 1220 3898 calls

118 3925 195 3995 sleop
207 3925 248 3977 tte
265 3924 345 3978 chain
361 3927 397 3994 cs
406 3925 446 3979 tte
465 3941 565 3985 umere
581 3924 637 3978 and
650 3925 786 3997 adopting
798 3925 861 3980 that
872 3927 972 3997 image,
986 3944 1043 3998 you
1057 3928 1147 3998 might
1165 3929 1221 3983 call

118 4027 136 4064 a
150 4017 230 4064 truce
243 4011 283 4063 tlte
294 4010 373 4063 chain
386 4012 421 4082 ο]
426 4028 494 4063 war.

170 4101 186 4149 3
206 4096 240 4150 In
250 4094 299 4149 the
310 4095 466 4165 exposition
479 4095 511 4149 of
518 4095 631 4150 Varro’s
643 4097 733 4151 words
745 4095 833 4149 which
843 4096 973 4151 Donatus
984 4096 1100 4160 follows,
1113 4098 1221 4153 Gellius

118 4180 223 4252 rightly
241 4179 413 4251 reprehende
430 4180 474 4233 his
488 4180 592 4250 having
611 4180 711 4244 added,
729 4181 771 4233 “a
785 4196 871 4250 peace
886 4183 921 4253 os
936 4200 955 4234 a
965 4183 1026 4250 few
1046 4182 1149 4252 daps,·”
1163 4184 1221 4238 and

118 4266 154 4320 hc
169 4266 257 4320 shows
272 4266 335 4320 that
347 4271 438 4319 truces
451 4282 523 4319 were
535 4265 654 4336 granted
666 4266 711 4319 for
724 4265 819 4319 houm.
852 4265 916 4318 And
929 4267 943 4319 Ι
956 4265 1011 4319 add
1023 4266 1142 4329 further,
1158 4267 1221 4324 that

118 4359 212 4408 truces
223 4351 294 4406 have
304 4352 377 4406 beon
389 4351 471 4406 made
488 4351 534 4406 for
551 4367 641 4422 years,
654 4368 685 4406 as
703 4357 816 4421 twenty,
829 4349 926 4422 thirty,
939 4351 1024 4422 forty‚
1036 4368 1106 4406 oven
1118 4369 1137 4406 a
1147 4352 1220 4408 hun·

118 4438 206 4504 dred;
225 4438 258 4494 of
270 4437 359 4493 which
377 4454 420 4493 wc
440 4437 511 4492 have
529 4436 670 4509 exemplos
686 4436 717 4491 in
730 4437 809 4509 Livy,
825 4435 915 4491 which
934 4437 1009 4492 shew
1027 4438 1076 4494 tho
1093 4455 1173 4495 error
1189 4440 1224 4499 of
